Order Date,Product Name,Category,Region,Quantity,Sales,Profit
12/31/2024,Printer,Office,North,4,3640,348.93
11/27/2022,Mouse,Accessories,East,7,1197,106.53
5/11/2022,Tablet,Electronics,South,5,5865,502.73
3/16/2024,Mouse,Accessories,South,2,786,202.87
9/10/2022,Mouse,Accessories,West,1,509,103.28
12/1/2023,Camera,Electronics,West,1,524,106.35
10/9/2023,Headphones,Accessories,North,7,6167,1027.98
1/14/2022,Camera,Electronics,South,7,3059,873.5
4/2/2022,Smartwatch,Electronics,East,9,5526,595.28
10/22/2024,Printer,Office,South,8,672,186.37
12/4/2023,Monitor,Accessories,South,6,7074,1357.68
9/27/2022,Smartwatch,Electronics,East,2,502,137.4
12/21/2023,Tablet,Electronics,North,7,7462,2166.17
2/3/2024,Smartphone,Electronics,West,5,4205,585.29
10/10/2023,Camera,Electronics,West,1,570,138.54
10/16/2022,Headphones,Accessories,East,1,441,102.42
5/15/2022,Mouse,Accessories,North,7,7469,589.81
2/11/2023,Tablet,Electronics,South,2,2212,145.75
12/27/2023,Tablet,Electronics,East,5,740,146.39
10/5/2023,Headphones,Accessories,North,1,662,193.92
3/5/2024,Mouse,Accessories,North,7,5712,651.27
7/18/2023,Smartwatch,Electronics,North,3,2739,572.73
6/25/2023,Keyboard,Accessories,West,5,1400,213.63
11/13/2023,Printer,Office,North,3,3477,939.2
7/9/2022,Camera,Electronics,North,5,3475,570.36
12/11/2023,Laptop,Electronics,West,9,6138,1562.14
3/18/2023,Camera,Electronics,West,5,3665,406.93
8/9/2024,Printer,Office,North,2,2372,206.42
5/4/2024,Laptop,Electronics,North,2,1382,211.11
9/4/2022,Laptop,Electronics,West,1,1126,194.08
10/21/2022,Printer,Office,West,8,1376,152.1
1/22/2024,Mouse,Accessories,West,4,988,147.91
4/9/2023,Laptop,Electronics,North,9,10773,1907.36
2/7/2023,Headphones,Accessories,South,4,3252,713.46
5/4/2023,Headphones,Accessories,North,3,2739,202.81
4/18/2023,Tablet,Electronics,South,7,2709,702.79
12/12/2022,Printer,Office,West,3,936,201.24
9/11/2022,Camera,Electronics,West,4,3720,410.92
3/26/2024,Mouse,Accessories,West,5,5320,716.91
9/20/2023,Headphones,Accessories,East,4,804,121.51
5/25/2023,Laptop,Electronics,North,8,1224,246.77
12/4/2022,Headphones,Accessories,South,9,8667,781.78
6/10/2022,Monitor,Accessories,West,3,3018,320.11
2/5/2023,Laptop,Electronics,West,5,4325,1023.39
1/20/2024,Laptop,Electronics,South,3,1557,181.08
1/27/2022,Monitor,Accessories,South,6,3672,1002.5
3/29/2023,Mouse,Accessories,West,1,333,72.34
1/17/2022,Headphones,Accessories,West,4,2384,577.26
11/26/2024,Mouse,Accessories,West,6,888,210.39
9/19/2024,Laptop,Electronics,West,5,3280,954.17
7/20/2023,Mouse,Accessories,South,7,1239,177.39
5/3/2024,Headphones,Accessories,East,8,5880,436.85
9/3/2022,Smartphone,Electronics,West,2,1668,437.3
7/9/2024,Printer,Office,West,7,4109,1037.64
11/17/2022,Smartwatch,Electronics,West,7,595,148.5
12/28/2023,Headphones,Accessories,East,7,8155,1587.91
5/30/2022,Monitor,Accessories,South,3,1872,553.1
4/17/2024,Smartwatch,Electronics,East,6,2124,126.03
9/30/2024,Monitor,Accessories,West,5,5210,1338.8
6/2/2024,Mouse,Accessories,South,7,5761,362.48
9/26/2022,Headphones,Accessories,South,7,6895,1596.35
12/17/2024,Smartwatch,Electronics,East,3,2118,317.08
10/9/2024,Smartwatch,Electronics,North,5,830,58.28
7/14/2023,Smartwatch,Electronics,North,1,851,93.56
12/5/2023,Tablet,Electronics,East,5,4730,1365.63
6/3/2022,Mouse,Accessories,West,6,5460,845.75
12/28/2024,Headphones,Accessories,East,5,5795,310.6
8/6/2022,Laptop,Electronics,South,4,2008,338.44
6/6/2023,Mouse,Accessories,South,7,2842,425.24
2/1/2024,Mouse,Accessories,East,4,3404,392.22
5/31/2023,Smartwatch,Electronics,West,1,1065,228.63
6/14/2024,Tablet,Electronics,West,7,2149,121.69
8/14/2024,Keyboard,Accessories,East,8,5912,1143.04
2/1/2023,Mouse,Accessories,West,3,3348,331.28
4/28/2024,Smartphone,Electronics,South,3,2409,531.79
4/5/2024,Tablet,Electronics,North,2,328,39.51
1/31/2024,Smartphone,Electronics,West,8,6224,1561.42
1/9/2024,Smartwatch,Electronics,North,5,2530,486.09
4/6/2022,Headphones,Accessories,West,4,4108,462.17
5/22/2024,Printer,Office,South,5,1640,391.36
12/30/2023,Laptop,Electronics,South,1,111,19.33
3/17/2022,Headphones,Accessories,North,1,445,128.89
5/24/2022,Printer,Office,North,4,3600,623.72
6/9/2024,Mouse,Accessories,North,3,1335,176.44
12/1/2024,Keyboard,Accessories,South,5,3090,242.15
10/20/2023,Printer,Office,East,5,3910,538.52
3/5/2024,Camera,Electronics,South,1,219,32.67
12/5/2022,Smartphone,Electronics,West,5,390,27.77
8/5/2022,Laptop,Electronics,North,6,3294,359.61
3/21/2023,Keyboard,Accessories,West,4,4572,1038.05
2/8/2022,Monitor,Accessories,South,7,980,109.94
4/1/2023,Headphones,Accessories,North,2,2262,532.12
12/14/2022,Camera,Electronics,South,7,7518,1655.91
5/14/2022,Camera,Electronics,South,1,873,158.97
2/16/2022,Mouse,Accessories,North,6,1512,423.03
8/28/2024,Laptop,Electronics,West,1,705,165.16
10/30/2023,Smartwatch,Electronics,North,8,3256,533.7
6/24/2023,Tablet,Electronics,West,4,556,81.77
5/17/2023,Mouse,Accessories,East,9,7101,2105.82
4/6/2023,Laptop,Electronics,West,9,8802,1344.96
3/26/2023,Headphones,Accessories,South,6,5592,1294.16
10/12/2024,Tablet,Electronics,North,2,1852,168.92
6/26/2022,Monitor,Accessories,East,1,195,57.88
4/15/2022,Mouse,Accessories,East,9,7884,2054.02
12/10/2023,Laptop,Electronics,East,5,4360,1160.55
9/23/2024,Mouse,Accessories,North,6,4920,929.18
1/1/2022,Mouse,Accessories,East,3,3474,565
2/3/2022,Keyboard,Accessories,West,1,930,222.5
3/14/2023,Tablet,Electronics,South,7,1421,248.02
8/24/2022,Headphones,Accessories,North,2,634,161.1
7/7/2024,Camera,Electronics,East,1,673,114.42
4/13/2022,Mouse,Accessories,South,5,3135,787.7
5/8/2024,Smartphone,Electronics,East,6,882,184.48
9/10/2024,Smartphone,Electronics,East,4,1192,212.77
6/18/2024,Printer,Office,South,3,390,112.08
9/10/2024,Tablet,Electronics,North,1,834,95.54
5/6/2022,Smartphone,Electronics,East,6,612,83.75
6/18/2024,Headphones,Accessories,West,9,8073,710.23
10/29/2023,Keyboard,Accessories,North,8,2640,723.88
11/13/2023,Smartphone,Electronics,North,3,3234,440.7
8/21/2022,Monitor,Accessories,West,5,4435,355.51
3/4/2024,Smartwatch,Electronics,North,2,2302,305.07
4/17/2022,Camera,Electronics,East,6,1728,307.44
12/20/2023,Laptop,Electronics,East,4,228,54.05
3/19/2022,Tablet,Electronics,West,6,3450,705.74
7/7/2024,Smartphone,Electronics,South,8,7456,1702.48
4/30/2023,Smartphone,Electronics,West,6,4728,705.85
3/22/2024,Smartwatch,Electronics,North,7,945,124.62
3/8/2022,Laptop,Electronics,North,4,296,65.05
9/15/2023,Smartphone,Electronics,West,4,640,149.89
3/1/2023,Tablet,Electronics,North,1,797,65.27
10/24/2023,Monitor,Accessories,North,4,1456,431.89
4/22/2024,Monitor,Accessories,South,6,4038,364.11
6/27/2023,Tablet,Electronics,West,7,5656,355.81
4/13/2023,Mouse,Accessories,West,4,3876,302.37
5/19/2023,Keyboard,Accessories,South,6,1002,114.7
11/15/2024,Headphones,Accessories,East,9,2187,413.76
12/25/2023,Mouse,Accessories,North,6,7146,1627.42
3/31/2022,Keyboard,Accessories,South,1,189,14.88
4/24/2024,Monitor,Accessories,East,5,940,266.02
1/10/2022,Headphones,Accessories,North,1,951,127.58
11/17/2022,Printer,Office,East,2,124,27.42
6/29/2024,Mouse,Accessories,West,9,7506,594.28
11/14/2022,Monitor,Accessories,West,7,8176,2308.76
8/11/2023,Smartphone,Electronics,East,5,2125,632.68
5/22/2024,Headphones,Accessories,North,1,967,59.98
3/19/2022,Headphones,Accessories,South,5,270,29.41
10/23/2022,Keyboard,Accessories,West,9,10035,1486.3
2/26/2023,Printer,Office,North,8,6792,1125.23
10/3/2024,Printer,Office,East,1,714,99.13
7/17/2022,Smartphone,Electronics,South,5,765,157.64
11/4/2024,Headphones,Accessories,East,7,4221,358.02
2/24/2023,Laptop,Electronics,North,4,2108,576.48
8/8/2024,Monitor,Accessories,North,9,10530,2387.63
5/14/2024,Keyboard,Accessories,South,6,3396,914.17
1/15/2022,Monitor,Accessories,North,4,1060,213.05
5/10/2022,Tablet,Electronics,East,5,480,73.07
3/10/2022,Headphones,Accessories,West,3,2529,285.65
1/23/2022,Smartwatch,Electronics,East,8,4792,511.97
9/19/2024,Smartwatch,Electronics,East,8,8056,605.8
6/6/2024,Tablet,Electronics,North,4,4228,947.76
10/10/2024,Tablet,Electronics,East,1,653,93.78
3/24/2024,Tablet,Electronics,North,9,7452,1212.51
7/21/2023,Mouse,Accessories,East,4,4128,1156.71
7/21/2022,Tablet,Electronics,West,5,5090,1201.56
9/1/2022,Camera,Electronics,North,5,4930,387.33
4/20/2023,Smartwatch,Electronics,South,6,2610,434.37
12/11/2023,Laptop,Electronics,North,3,2139,415.84
9/29/2024,Tablet,Electronics,South,1,226,55.4
11/20/2023,Smartwatch,Electronics,West,2,2244,212.08
7/15/2023,Monitor,Accessories,East,6,3150,578.87
12/24/2023,Laptop,Electronics,South,7,3388,347.19
8/13/2023,Laptop,Electronics,East,8,8736,580.31
4/24/2022,Smartphone,Electronics,South,2,1102,176.53
7/13/2024,Monitor,Accessories,East,3,2640,199.97
6/11/2022,Printer,Office,West,3,2547,300.74
10/28/2024,Laptop,Electronics,North,7,728,64.82
11/24/2022,Camera,Electronics,South,7,3444,607.44
10/3/2024,Camera,Electronics,West,5,3140,853.66
3/24/2024,Smartphone,Electronics,East,3,435,129.27
6/28/2024,Keyboard,Accessories,East,4,856,72.99
5/31/2022,Printer,Office,North,2,112,23.33
3/25/2024,Headphones,Accessories,North,3,2247,507.79
1/31/2023,Keyboard,Accessories,West,2,1512,298.73
6/23/2024,Mouse,Accessories,South,5,4915,1196.6
8/16/2023,Mouse,Accessories,South,3,2709,663.54
6/10/2023,Tablet,Electronics,North,7,1239,118.36
5/9/2023,Tablet,Electronics,West,2,572,86.16
5/8/2022,Smartwatch,Electronics,North,2,1708,93.25
11/6/2024,Smartwatch,Electronics,North,4,360,42.66
12/8/2022,Camera,Electronics,North,6,3822,388.34
9/25/2022,Camera,Electronics,North,6,4680,932.97
7/10/2024,Camera,Electronics,North,5,2520,487.18
3/29/2024,Smartwatch,Electronics,North,2,2138,619.29
1/11/2022,Keyboard,Accessories,West,3,2529,169.6
4/8/2022,Keyboard,Accessories,East,1,236,29.33
1/21/2024,Tablet,Electronics,West,6,2730,636.48
4/27/2023,Headphones,Accessories,North,3,3021,872.49
11/6/2024,Smartwatch,Electronics,North,2,244,16.78
5/11/2022,Camera,Electronics,South,8,728,120.06
10/2/2022,Mouse,Accessories,North,3,453,89.49
1/12/2022,Laptop,Electronics,South,1,379,84.38
1/9/2023,Tablet,Electronics,West,3,2130,510.69
5/4/2023,Monitor,Accessories,North,8,4120,710.11
9/7/2024,Smartwatch,Electronics,South,7,3150,299.7
5/17/2022,Smartwatch,Electronics,East,7,2688,603.07
8/17/2023,Tablet,Electronics,East,2,1752,501.19
9/7/2023,Keyboard,Accessories,North,7,7308,948.4
5/11/2022,Tablet,Electronics,North,3,2007,160.84
5/12/2023,Tablet,Electronics,West,7,7224,479.23
5/8/2023,Monitor,Accessories,South,9,6939,1249.31
2/18/2023,Smartphone,Electronics,East,7,5516,1475.67
1/29/2022,Printer,Office,South,2,2224,116.47
1/12/2023,Laptop,Electronics,South,5,3985,824.4
1/3/2022,Camera,Electronics,North,7,2723,638.26
10/20/2022,Tablet,Electronics,North,2,746,170.75
8/21/2024,Laptop,Electronics,West,5,3170,245.25
12/11/2023,Smartwatch,Electronics,East,5,550,63.11
8/14/2022,Tablet,Electronics,North,8,480,132.45
6/3/2024,Printer,Office,East,4,3284,354.4
1/23/2024,Smartwatch,Electronics,South,2,1748,183.75
11/20/2023,Headphones,Accessories,North,8,824,240.84
3/3/2022,Headphones,Accessories,North,4,1872,448.46
2/20/2024,Tablet,Electronics,West,3,627,103.98
8/9/2024,Camera,Electronics,East,9,5661,1104.02
6/19/2022,Camera,Electronics,North,3,2910,765.47
9/1/2024,Tablet,Electronics,South,9,9036,1087.46
8/30/2024,Tablet,Electronics,West,5,4815,338.31
8/12/2022,Mouse,Accessories,South,1,1187,206.28
8/4/2022,Headphones,Accessories,East,3,3339,732.92
2/20/2024,Tablet,Electronics,East,1,620,165.43
2/26/2023,Camera,Electronics,West,5,2025,414.42
11/20/2024,Printer,Office,East,5,3030,811.92
8/12/2023,Smartwatch,Electronics,North,5,655,166.69
1/17/2022,Printer,Office,West,2,2238,294.54
4/12/2023,Smartphone,Electronics,South,8,3312,811.31
7/26/2023,Printer,Office,East,9,9387,1271.64
1/1/2024,Mouse,Accessories,West,6,5790,1285.21
12/6/2023,Laptop,Electronics,South,6,2700,527.97
12/5/2023,Smartwatch,Electronics,East,8,2072,555.06
10/27/2024,Keyboard,Accessories,North,3,2991,716.54
8/4/2024,Laptop,Electronics,East,6,5568,958.59
2/1/2023,Smartwatch,Electronics,North,7,5509,1648.74
6/2/2024,Printer,Office,West,7,5922,1323.1
4/28/2024,Smartphone,Electronics,South,4,4380,362.81
3/25/2022,Tablet,Electronics,South,5,1760,272.68
10/5/2024,Headphones,Accessories,North,9,5571,1523.81
12/19/2024,Tablet,Electronics,South,2,1082,182.1
7/18/2022,Camera,Electronics,East,1,569,138.11
6/11/2023,Mouse,Accessories,North,8,3416,697.42
10/13/2024,Printer,Office,West,1,570,57.07
8/7/2023,Monitor,Accessories,East,6,3300,386.92
12/4/2022,Laptop,Electronics,South,8,2584,568.77
2/18/2024,Monitor,Accessories,South,9,7650,2204.44
12/5/2024,Headphones,Accessories,West,8,3600,272.51
12/15/2023,Monitor,Accessories,West,6,846,190.87
8/12/2023,Smartphone,Electronics,West,1,51,9.36
5/20/2024,Smartwatch,Electronics,South,6,7056,586.91
6/5/2024,Smartwatch,Electronics,West,2,384,38.41
1/9/2022,Laptop,Electronics,South,8,2928,663.54
12/17/2023,Camera,Electronics,West,7,1904,352.86
9/8/2022,Tablet,Electronics,East,2,2314,312.07
1/22/2022,Printer,Office,South,4,1028,192.13
9/4/2024,Headphones,Accessories,South,9,8307,1326.23
1/20/2024,Printer,Office,West,9,1539,203.54
11/3/2022,Tablet,Electronics,West,7,2506,537.98
7/3/2023,Smartphone,Electronics,West,6,5778,1232.54
1/25/2024,Tablet,Electronics,East,9,10188,2165.78
5/11/2024,Monitor,Accessories,North,1,952,157.7
1/2/2024,Smartwatch,Electronics,West,8,3624,750.86
2/24/2023,Keyboard,Accessories,South,8,7968,1551.12
7/20/2024,Mouse,Accessories,South,2,1254,250.09
6/14/2023,Printer,Office,West,3,705,196.05
4/10/2022,Mouse,Accessories,West,1,916,223.5
10/1/2024,Printer,Office,North,2,848,129.96
5/10/2022,Monitor,Accessories,East,8,2240,313.17
1/28/2022,Monitor,Accessories,South,1,940,120.35
4/5/2023,Headphones,Accessories,West,5,1550,203.51
9/22/2023,Keyboard,Accessories,South,7,2352,256.4
8/29/2024,Smartwatch,Electronics,North,9,1638,183.75
11/18/2023,Camera,Electronics,North,6,7164,1442.72
9/12/2023,Mouse,Accessories,East,1,205,54.54
5/26/2023,Keyboard,Accessories,North,2,766,49.23
4/30/2023,Keyboard,Accessories,North,1,168,17.84
11/1/2024,Mouse,Accessories,South,1,1058,207.55
5/6/2022,Keyboard,Accessories,South,5,1455,423.81
5/10/2023,Camera,Electronics,East,2,2224,364.04
11/4/2022,Smartphone,Electronics,West,7,1400,80.49
5/9/2022,Smartphone,Electronics,East,7,7567,2213.18
11/7/2022,Tablet,Electronics,East,6,3396,987.68
8/11/2023,Smartwatch,Electronics,East,2,704,135.63
10/21/2024,Tablet,Electronics,East,9,7767,2172.19
10/6/2024,Mouse,Accessories,West,5,2050,157.13
8/8/2023,Monitor,Accessories,North,9,10458,2799.48
1/19/2022,Camera,Electronics,South,4,4700,619.26
4/30/2024,Smartphone,Electronics,North,2,892,222.51
12/26/2023,Laptop,Electronics,East,8,6968,1479.09
4/7/2024,Laptop,Electronics,North,7,1344,300.88
10/18/2022,Camera,Electronics,West,1,354,65.99
4/21/2024,Monitor,Accessories,South,3,3051,662.23
3/26/2024,Camera,Electronics,South,3,402,106.87
10/31/2022,Monitor,Accessories,North,5,3570,517.82
3/3/2023,Keyboard,Accessories,North,7,3829,876.35
2/3/2023,Mouse,Accessories,North,7,4676,242.64
4/15/2023,Keyboard,Accessories,East,3,1119,317.36
5/9/2023,Smartphone,Electronics,East,4,4228,764.3
1/2/2022,Headphones,Accessories,North,8,1240,251.2
11/28/2024,Keyboard,Accessories,North,9,3591,342.18
2/5/2022,Printer,Office,West,8,3952,451.08
6/5/2024,Keyboard,Accessories,South,6,3648,1050.08
11/15/2024,Monitor,Accessories,North,5,3875,768.74
11/13/2023,Smartwatch,Electronics,West,8,3416,478.9
2/19/2022,Tablet,Electronics,West,1,908,222.58
5/6/2024,Headphones,Accessories,South,4,4532,987.32
8/4/2023,Headphones,Accessories,East,4,4168,650.15
9/23/2023,Laptop,Electronics,North,3,3543,941.37
9/14/2024,Laptop,Electronics,East,6,5124,1078.57
3/17/2023,Smartwatch,Electronics,South,9,5751,1196.23
9/29/2023,Camera,Electronics,East,2,624,139.64
12/1/2023,Camera,Electronics,South,1,508,151.29
9/13/2023,Headphones,Accessories,South,4,4700,914.6
3/14/2022,Keyboard,Accessories,West,8,3216,639.78
7/15/2023,Laptop,Electronics,West,6,2844,581
5/29/2022,Smartphone,Electronics,West,5,2385,258.6
1/16/2023,Monitor,Accessories,South,8,928,170.05
9/6/2023,Headphones,Accessories,North,6,4656,673.35
3/29/2023,Headphones,Accessories,North,2,330,21.46
11/1/2023,Camera,Electronics,North,7,1799,274.11
8/25/2022,Printer,Office,East,1,1029,173.61
12/30/2022,Headphones,Accessories,North,8,5432,1619.39
9/4/2024,Camera,Electronics,West,5,5785,1191.11
1/8/2024,Printer,Office,North,1,1062,272.42
12/27/2022,Keyboard,Accessories,North,1,163,22.07
4/14/2024,Smartphone,Electronics,West,9,9162,1625.62
2/10/2023,Printer,Office,East,4,1440,130.24
7/15/2023,Monitor,Accessories,South,5,1465,149.62
10/27/2024,Monitor,Accessories,West,2,366,31.23
7/19/2024,Camera,Electronics,South,5,3135,277.28
3/3/2024,Keyboard,Accessories,North,2,630,161.04
4/12/2024,Monitor,Accessories,South,1,213,42.94
6/20/2024,Monitor,Accessories,North,4,3792,1092.85
6/21/2023,Mouse,Accessories,East,2,1932,109.07
1/25/2023,Keyboard,Accessories,West,4,4152,317.28
2/17/2024,Smartphone,Electronics,North,7,3612,529.57
9/9/2024,Smartphone,Electronics,East,2,2258,280.76
7/9/2022,Camera,Electronics,South,3,594,47.73
9/1/2023,Headphones,Accessories,West,7,8071,1799.06
3/30/2024,Keyboard,Accessories,North,7,5838,631.45
12/22/2024,Keyboard,Accessories,North,4,692,181.31
9/8/2024,Keyboard,Accessories,South,3,1704,309.06
1/21/2023,Printer,Office,South,5,3235,941.24
10/12/2023,Mouse,Accessories,East,6,4746,545.57
8/1/2022,Smartwatch,Electronics,South,8,7600,788.88
11/3/2023,Smartphone,Electronics,West,5,1935,128.01
12/4/2023,Laptop,Electronics,North,3,1638,306.29
6/30/2023,Keyboard,Accessories,West,7,4746,816.6
2/1/2023,Smartphone,Electronics,North,8,4824,1187.93
5/9/2022,Camera,Electronics,South,1,1193,153.72
12/16/2023,Laptop,Electronics,East,2,562,92.94
3/20/2022,Smartphone,Electronics,North,8,6200,1296.84
7/28/2024,Printer,Office,North,8,4128,315.48
3/28/2022,Printer,Office,East,5,5405,326.56
11/6/2024,Laptop,Electronics,North,3,1371,104.66
1/1/2023,Keyboard,Accessories,West,5,1405,194.33
3/18/2023,Keyboard,Accessories,North,3,1644,158.32
9/18/2024,Mouse,Accessories,West,6,3414,396.92
8/19/2024,Laptop,Electronics,East,8,3272,674.57
6/18/2022,Smartphone,Electronics,North,3,2655,646.91
5/29/2022,Smartwatch,Electronics,West,7,1673,458.32
6/9/2022,Tablet,Electronics,East,2,846,145.09
5/3/2023,Smartphone,Electronics,East,1,985,196.64
11/17/2023,Smartwatch,Electronics,North,9,7551,894.4
2/8/2022,Tablet,Electronics,North,5,855,217.16
10/23/2023,Camera,Electronics,South,2,396,94.55
8/24/2022,Tablet,Electronics,West,8,2296,560.48
5/9/2024,Monitor,Accessories,North,6,1704,199.94
3/12/2023,Smartphone,Electronics,East,2,1180,261.16
10/5/2022,Smartphone,Electronics,East,3,411,55.73
1/19/2022,Mouse,Accessories,East,1,745,151.22
5/9/2022,Printer,Office,West,9,10656,961.3
5/23/2024,Mouse,Accessories,South,3,1494,178.5
7/11/2024,Camera,Electronics,South,5,1755,358.01
8/22/2022,Camera,Electronics,South,9,4941,894.52
11/3/2024,Smartwatch,Electronics,North,6,6510,1539.18
10/11/2024,Smartphone,Electronics,South,5,5465,719.92
11/9/2024,Tablet,Electronics,South,3,3522,285.91
4/1/2024,Tablet,Electronics,West,6,1656,139.86
7/7/2022,Printer,Office,North,5,1255,257.15
6/10/2023,Keyboard,Accessories,East,1,1192,320.13
5/15/2023,Tablet,Electronics,West,5,1925,204.74
6/8/2022,Tablet,Electronics,West,8,1688,337.33
6/26/2023,Headphones,Accessories,South,1,260,16.81
1/19/2022,Monitor,Accessories,West,5,4880,1250.66
4/10/2024,Keyboard,Accessories,West,7,1134,179.74
6/10/2022,Laptop,Electronics,North,9,9621,1201.29
2/3/2023,Monitor,Accessories,South,4,2836,698.83
5/15/2023,Printer,Office,North,9,5859,1153.89
9/11/2022,Smartwatch,Electronics,South,2,2044,460.03
7/1/2023,Monitor,Accessories,South,1,612,174.52
2/18/2022,Smartwatch,Electronics,North,3,1890,492.31
9/30/2023,Smartwatch,Electronics,East,5,2025,168.82
9/4/2023,Printer,Office,South,2,1960,312.06
7/7/2022,Camera,Electronics,North,6,4410,893.27
7/14/2024,Keyboard,Accessories,West,8,8272,2391.88
9/27/2022,Smartwatch,Electronics,West,6,5712,638.29
4/20/2024,Smartwatch,Electronics,North,6,1524,178.36
5/24/2024,Keyboard,Accessories,North,8,5160,1057.41
12/29/2024,Mouse,Accessories,East,4,2956,451.6
5/7/2023,Smartphone,Electronics,West,8,7944,2257.73
9/10/2024,Camera,Electronics,North,5,1815,535.22
3/21/2023,Headphones,Accessories,North,3,2706,546.97
5/5/2023,Laptop,Electronics,North,2,1356,144.18
7/27/2023,Printer,Office,South,6,6384,1189.19
6/13/2023,Smartwatch,Electronics,South,9,4248,964.12
5/2/2024,Monitor,Accessories,North,6,3954,676.82
4/21/2024,Smartphone,Electronics,South,6,7110,739.6
7/25/2023,Headphones,Accessories,South,7,8113,995.03
1/26/2023,Headphones,Accessories,North,3,1830,183.62
1/11/2023,Keyboard,Accessories,West,4,3732,671.19
9/27/2024,Mouse,Accessories,West,6,4062,1087.17
12/3/2024,Smartwatch,Electronics,North,1,496,93.31
8/24/2023,Smartwatch,Electronics,East,4,1104,84.31
5/19/2023,Smartphone,Electronics,West,3,2274,662
6/13/2022,Smartwatch,Electronics,North,8,4456,1106.04
8/26/2022,Mouse,Accessories,West,8,4928,1038.18
1/22/2023,Smartphone,Electronics,North,4,1740,224.79
8/8/2022,Headphones,Accessories,North,2,178,31.46
11/19/2023,Printer,Office,East,8,5296,1234.81
6/28/2023,Mouse,Accessories,North,4,4156,847.09
10/9/2024,Printer,Office,North,1,624,106.92
9/4/2022,Smartphone,Electronics,West,4,3892,1052.72
7/18/2024,Mouse,Accessories,South,9,1620,294.6
9/22/2022,Mouse,Accessories,West,3,2250,301.97
7/31/2024,Monitor,Accessories,West,2,1390,316.31
4/21/2023,Camera,Electronics,South,5,5155,1325.16
7/9/2022,Smartwatch,Electronics,North,5,1025,262.91
7/31/2024,Mouse,Accessories,South,3,1785,244.52
9/30/2022,Smartwatch,Electronics,North,9,2952,605.85
12/25/2024,Headphones,Accessories,East,1,773,181.52
3/30/2023,Tablet,Electronics,North,8,1640,361.48
10/2/2023,Keyboard,Accessories,East,1,1017,69.33
5/23/2022,Headphones,Accessories,East,4,1964,349.91
4/5/2023,Mouse,Accessories,North,3,2994,638.59
10/8/2023,Printer,Office,East,9,8046,2210.33
5/22/2022,Printer,Office,West,2,1874,271.5
8/19/2023,Mouse,Accessories,North,8,6008,871.76
9/6/2023,Camera,Electronics,East,8,7240,411.19
6/17/2024,Monitor,Accessories,South,9,1188,348.31
12/22/2024,Headphones,Accessories,North,9,2997,163.34
2/2/2023,Printer,Office,West,9,7524,2017.85
10/13/2022,Monitor,Accessories,North,5,3625,268.73
3/31/2024,Laptop,Electronics,East,8,6952,871.2
5/29/2023,Camera,Electronics,North,9,1053,283.58
12/21/2024,Monitor,Accessories,North,9,6696,1224.22
10/9/2024,Headphones,Accessories,North,2,1420,93.59
12/29/2023,Camera,Electronics,West,9,9972,2566.01
11/28/2022,Laptop,Electronics,South,8,3136,494.26
2/10/2023,Camera,Electronics,West,3,225,20.52
5/12/2022,Mouse,Accessories,East,3,1662,375.04
5/3/2024,Printer,Office,West,4,500,85.96
8/2/2022,Smartphone,Electronics,North,8,3168,747.33
12/31/2023,Smartphone,Electronics,East,1,622,104.57
4/3/2022,Tablet,Electronics,North,3,1233,361.12
1/19/2024,Laptop,Electronics,West,3,573,116.14
2/18/2022,Tablet,Electronics,South,1,702,129.34
5/14/2024,Laptop,Electronics,South,8,4832,1261.06
1/17/2023,Printer,Office,North,5,3765,670.8
5/5/2024,Camera,Electronics,North,8,6928,1415.16
2/1/2023,Headphones,Accessories,West,7,1624,436.13
4/1/2023,Headphones,Accessories,North,1,68,10.39
6/4/2023,Mouse,Accessories,North,1,651,187.99
9/16/2024,Printer,Office,North,7,6293,718.49
2/16/2023,Keyboard,Accessories,West,2,1068,85.71
10/17/2023,Keyboard,Accessories,North,1,381,26.69
7/21/2022,Printer,Office,South,2,2016,426.43
2/10/2024,Headphones,Accessories,West,2,1224,340.67
10/23/2022,Monitor,Accessories,South,5,2180,400.01
9/12/2024,Laptop,Electronics,North,9,2853,353.09
10/4/2022,Mouse,Accessories,South,1,272,45.33
3/14/2022,Smartphone,Electronics,North,4,2640,183.23
4/26/2024,Monitor,Accessories,North,2,488,129.02
11/10/2023,Printer,Office,South,8,9184,1795.93
4/12/2024,Tablet,Electronics,North,5,280,23.98
10/3/2024,Keyboard,Accessories,East,3,2889,604.45
7/18/2024,Laptop,Electronics,West,1,625,125.9
4/16/2024,Keyboard,Accessories,South,8,7056,538.48
7/11/2023,Tablet,Electronics,West,8,3936,720.2
9/19/2022,Smartwatch,Electronics,East,6,2472,363.38
6/19/2022,Mouse,Accessories,West,5,855,67.57
2/25/2024,Mouse,Accessories,West,3,3480,560.39
3/7/2023,Camera,Electronics,South,1,846,103.3
3/9/2022,Keyboard,Accessories,North,1,158,46.24
12/31/2022,Mouse,Accessories,South,9,3186,583.24
2/1/2024,Mouse,Accessories,North,7,6972,969.43
4/15/2024,Mouse,Accessories,East,5,1745,449.64
5/15/2024,Laptop,Electronics,East,8,4256,372.95
4/14/2022,Keyboard,Accessories,South,3,1674,499.63
9/25/2024,Camera,Electronics,North,8,6488,1072.86
3/5/2022,Tablet,Electronics,East,5,3530,803.86
9/3/2022,Mouse,Accessories,North,2,632,87.45
11/9/2024,Monitor,Accessories,North,7,3675,236.8
9/12/2023,Smartwatch,Electronics,West,6,5592,926.42
2/11/2023,Keyboard,Accessories,East,6,6432,807.94
8/27/2023,Camera,Electronics,East,3,3069,503.3
5/26/2023,Keyboard,Accessories,North,7,2898,490.11
5/30/2024,Tablet,Electronics,North,4,3960,632.76
7/31/2024,Tablet,Electronics,South,3,1476,85.16
11/14/2023,Printer,Office,East,2,1058,298.69
11/27/2023,Monitor,Accessories,South,5,1215,162.02
3/4/2024,Camera,Electronics,North,3,204,20.43
12/24/2024,Tablet,Electronics,West,7,4137,221.66
5/21/2022,Camera,Electronics,West,5,250,16.81
9/14/2022,Tablet,Electronics,West,5,1185,254.34
3/12/2024,Headphones,Accessories,South,2,1504,108.52
6/28/2024,Keyboard,Accessories,West,6,6888,945.07
12/25/2024,Smartphone,Electronics,West,3,3588,958.84
11/18/2022,Laptop,Electronics,South,7,1477,367.22
10/22/2022,Smartwatch,Electronics,East,8,1280,131.56
11/16/2024,Tablet,Electronics,South,7,7161,630.76
3/13/2023,Printer,Office,North,5,1850,346.4
12/27/2023,Mouse,Accessories,East,3,3378,520.31
10/30/2024,Laptop,Electronics,West,7,7672,2046.38
11/3/2024,Tablet,Electronics,South,6,4254,938.66
11/19/2024,Keyboard,Accessories,East,5,2285,279.9
4/29/2024,Keyboard,Accessories,West,7,5775,680.6
10/21/2022,Smartphone,Electronics,North,9,9360,910.35
1/25/2023,Printer,Office,North,8,6936,1156.52
5/17/2022,Camera,Electronics,East,9,5634,464.71
3/29/2024,Smartphone,Electronics,North,4,2644,731.86
11/22/2023,Headphones,Accessories,North,1,247,35.65
9/24/2023,Laptop,Electronics,East,7,1869,357.27
7/17/2024,Smartwatch,Electronics,West,7,1988,430.59
6/17/2023,Laptop,Electronics,West,4,1920,549.11
5/20/2024,Headphones,Accessories,West,3,2577,196.37
6/10/2024,Camera,Electronics,East,3,828,117.95
1/31/2022,Camera,Electronics,South,2,1580,403.76
9/13/2023,Camera,Electronics,East,9,9009,1909.26
10/1/2022,Smartphone,Electronics,East,9,7425,1580.86
12/24/2024,Monitor,Accessories,West,5,2945,672.35
7/19/2023,Mouse,Accessories,West,3,294,22.9
5/17/2024,Mouse,Accessories,South,5,5875,789.23
1/17/2022,Smartwatch,Electronics,West,3,1308,197.6
1/10/2024,Monitor,Accessories,South,4,2360,391.82
4/10/2023,Smartwatch,Electronics,West,6,1008,245.45
10/27/2023,Smartwatch,Electronics,North,6,1344,338.4
1/12/2022,Printer,Office,West,7,5635,1185.97
9/15/2023,Mouse,Accessories,East,4,4088,1200.03
12/4/2024,Camera,Electronics,South,8,2192,441.77
6/6/2022,Keyboard,Accessories,South,8,1952,444.15
1/28/2023,Smartphone,Electronics,East,7,3955,1144.76
6/24/2023,Mouse,Accessories,South,8,5256,1118.16
12/28/2022,Camera,Electronics,North,1,1163,115.09
9/24/2022,Smartwatch,Electronics,North,9,5004,973.65
5/6/2023,Mouse,Accessories,North,8,9128,1342.19
7/13/2023,Laptop,Electronics,East,4,4700,576.34
1/5/2022,Camera,Electronics,West,2,1686,146.39
8/3/2024,Keyboard,Accessories,South,9,4572,279.54
8/21/2023,Smartphone,Electronics,South,5,2510,515.12
6/4/2023,Smartphone,Electronics,West,3,3117,829.09
5/12/2024,Laptop,Electronics,West,1,380,94.35
7/14/2023,Monitor,Accessories,West,9,2889,604.19
11/8/2024,Smartwatch,Electronics,East,9,3654,581.9
9/12/2023,Printer,Office,East,6,5610,298.77
4/27/2024,Smartphone,Electronics,South,1,668,99.4
1/8/2022,Smartphone,Electronics,South,7,3983,360.13
1/24/2024,Keyboard,Accessories,South,1,1112,272.81
6/20/2022,Monitor,Accessories,North,9,4230,221.06
8/1/2024,Tablet,Electronics,East,8,2968,530.3
1/10/2022,Monitor,Accessories,West,5,4690,706.74
5/9/2022,Camera,Electronics,West,6,4296,1240.31
12/19/2023,Camera,Electronics,North,7,7203,523.52
11/20/2022,Smartphone,Electronics,North,4,3640,695.31
11/11/2022,Smartphone,Electronics,East,1,1131,304.62
1/3/2024,Camera,Electronics,West,9,3627,797.53
8/11/2023,Mouse,Accessories,South,8,7968,1249.98
11/23/2022,Headphones,Accessories,South,3,3546,490.28
3/1/2024,Tablet,Electronics,South,5,2270,546.56
7/7/2023,Keyboard,Accessories,West,2,1354,136.91
4/20/2023,Headphones,Accessories,West,7,6811,1423.57
2/9/2022,Smartwatch,Electronics,East,3,1410,232.65
10/17/2022,Keyboard,Accessories,North,2,1170,249.99
8/4/2023,Laptop,Electronics,East,7,4739,740.74
12/1/2023,Mouse,Accessories,South,9,7866,1554.38
7/31/2022,Monitor,Accessories,East,5,3645,388.31
2/24/2023,Headphones,Accessories,East,6,5358,568.34
5/18/2024,Camera,Electronics,North,5,1775,486.37
5/19/2023,Headphones,Accessories,South,9,4905,1351.25
9/29/2022,Mouse,Accessories,East,6,4260,372.33
9/3/2024,Printer,Office,East,2,1632,292.78
3/12/2023,Smartwatch,Electronics,East,6,3324,466.78
7/17/2023,Camera,Electronics,West,5,4590,347.14
4/14/2022,Laptop,Electronics,East,9,8496,2182.42
6/16/2022,Printer,Office,North,6,6444,518.79
3/14/2022,Camera,Electronics,North,1,812,51.13
7/15/2023,Monitor,Accessories,West,6,1764,465.93
5/13/2024,Printer,Office,West,1,1012,172.67
5/3/2023,Keyboard,Accessories,South,2,836,47.07
12/29/2023,Smartwatch,Electronics,East,1,723,115.26
12/5/2022,Headphones,Accessories,North,6,5628,1033.15
9/26/2024,Laptop,Electronics,North,5,1660,283.14
3/28/2023,Headphones,Accessories,West,3,2295,244.83
4/19/2024,Printer,Office,East,2,2190,477.8
10/11/2024,Tablet,Electronics,East,7,3500,919.35
4/23/2022,Headphones,Accessories,West,2,1098,239.92
6/1/2023,Mouse,Accessories,North,5,945,194.03
2/19/2022,Mouse,Accessories,West,6,5622,1382.67
7/13/2023,Camera,Electronics,East,3,2325,309.49
8/3/2022,Keyboard,Accessories,South,1,1157,252.08
1/30/2024,Printer,Office,West,3,531,126.24
7/23/2023,Tablet,Electronics,West,2,1760,278.09
11/12/2023,Smartwatch,Electronics,North,1,371,108.58
10/15/2024,Smartphone,Electronics,East,4,1896,191.7
8/9/2023,Smartwatch,Electronics,South,2,514,106.75
8/18/2022,Monitor,Accessories,West,7,1876,129.25
8/19/2023,Camera,Electronics,East,6,1182,236.12
3/14/2022,Smartphone,Electronics,North,5,4255,961.41
9/15/2022,Monitor,Accessories,North,9,1341,150.7
9/23/2022,Keyboard,Accessories,North,1,644,49.25
5/17/2024,Monitor,Accessories,South,3,1827,94.4
10/27/2024,Camera,Electronics,North,1,930,136.16
2/15/2022,Camera,Electronics,South,4,528,152.8
2/23/2022,Monitor,Accessories,South,6,4236,739.22
1/14/2023,Headphones,Accessories,North,4,1664,190.82
1/12/2023,Smartwatch,Electronics,North,3,2727,554.46
2/8/2022,Smartwatch,Electronics,North,2,522,52.73
12/6/2024,Mouse,Accessories,West,7,8288,1945.03
3/12/2024,Laptop,Electronics,West,9,1062,73.58
10/1/2023,Smartphone,Electronics,East,3,1140,226.52
4/12/2024,Keyboard,Accessories,East,8,3488,712.24
12/22/2023,Tablet,Electronics,North,8,5920,1436.7
3/6/2024,Monitor,Accessories,North,9,3096,362.89
5/2/2024,Monitor,Accessories,South,5,3490,205.04
4/2/2022,Smartwatch,Electronics,South,6,4374,702.62
2/11/2024,Smartphone,Electronics,South,6,3366,541.86
4/2/2024,Printer,Office,East,6,822,231.62
11/27/2024,Monitor,Accessories,North,2,340,39.12
8/30/2022,Mouse,Accessories,East,1,763,217.94
7/15/2022,Headphones,Accessories,West,4,3408,856.98
2/21/2022,Tablet,Electronics,West,7,2282,537.71
9/14/2023,Camera,Electronics,South,7,4151,1047.43
4/8/2024,Laptop,Electronics,North,7,6279,1689.55
10/24/2023,Monitor,Accessories,North,3,474,83.32
4/16/2023,Monitor,Accessories,West,5,680,176.44
10/15/2023,Headphones,Accessories,West,9,8496,1721.6
8/20/2023,Keyboard,Accessories,South,7,7826,714.68
10/24/2023,Mouse,Accessories,South,6,4014,717.44
7/26/2024,Laptop,Electronics,East,1,687,62.82
10/31/2024,Smartwatch,Electronics,South,3,2943,234.27
4/28/2022,Printer,Office,East,7,5649,660.37
8/15/2024,Tablet,Electronics,North,8,3296,623.67
9/28/2024,Headphones,Accessories,North,3,1137,173.92
7/18/2024,Smartphone,Electronics,North,2,380,101.7
10/22/2022,Laptop,Electronics,West,5,4405,1247.86
11/1/2022,Tablet,Electronics,East,1,120,9.43
6/13/2023,Printer,Office,East,1,1176,182.07
2/20/2023,Camera,Electronics,South,3,1770,366.58
5/20/2023,Camera,Electronics,South,6,4302,965.02
12/19/2023,Camera,Electronics,North,3,2988,362.68
6/17/2024,Headphones,Accessories,East,3,3033,458.41
7/14/2023,Mouse,Accessories,South,9,6363,1752.65
7/4/2022,Tablet,Electronics,West,6,3402,501.29
3/23/2022,Keyboard,Accessories,South,4,3496,1032.81
11/19/2022,Monitor,Accessories,East,4,1080,204.95
2/28/2022,Headphones,Accessories,East,6,1530,218.99
9/11/2023,Keyboard,Accessories,West,4,3568,764.2
11/13/2022,Smartphone,Electronics,West,1,954,48.97
3/17/2024,Camera,Electronics,West,4,1196,223.66
2/13/2022,Smartwatch,Electronics,North,4,2136,217.47
7/13/2024,Printer,Office,South,9,8496,2316.03
5/7/2024,Laptop,Electronics,West,7,7280,1450.82
9/24/2022,Smartwatch,Electronics,South,5,4935,625.39
8/12/2024,Tablet,Electronics,South,8,9056,872.48
1/6/2023,Smartwatch,Electronics,South,1,563,46.96
3/3/2022,Printer,Office,South,2,1570,247.7
3/2/2022,Camera,Electronics,North,3,2181,517.02
9/25/2024,Mouse,Accessories,North,4,3808,442.33
12/6/2022,Keyboard,Accessories,West,7,6552,635.09
6/18/2023,Laptop,Electronics,South,8,6544,1086.29
11/21/2023,Mouse,Accessories,West,3,2631,157.19
3/31/2023,Monitor,Accessories,West,9,945,94.75
6/11/2024,Monitor,Accessories,West,2,760,192.42
4/25/2023,Monitor,Accessories,North,4,1392,394.48
12/17/2022,Smartwatch,Electronics,East,3,1242,206.74
7/5/2024,Laptop,Electronics,East,3,3183,868.73
4/7/2023,Monitor,Accessories,West,5,4260,229.77
7/26/2022,Smartphone,Electronics,West,1,1041,132.46
5/18/2022,Smartwatch,Electronics,East,3,1692,348.81
3/15/2022,Camera,Electronics,North,4,1728,403.06
10/13/2023,Camera,Electronics,South,4,4484,893.27
6/19/2024,Smartphone,Electronics,East,7,4123,750.05
11/3/2024,Mouse,Accessories,East,2,2372,392.07
4/16/2023,Smartphone,Electronics,East,7,5201,745.2
9/27/2024,Mouse,Accessories,South,5,3100,695.28
7/12/2022,Smartwatch,Electronics,East,6,5292,1105.95
3/6/2023,Tablet,Electronics,South,6,5952,971.53
1/10/2023,Smartphone,Electronics,East,4,1932,472.91
10/5/2023,Tablet,Electronics,West,6,3486,1011.74
5/25/2024,Tablet,Electronics,West,2,1708,441.43
9/12/2024,Monitor,Accessories,South,4,4324,288.12
7/30/2024,Laptop,Electronics,South,4,2708,302.14
3/29/2022,Printer,Office,West,8,7944,1142.83
4/10/2023,Camera,Electronics,East,3,684,39.33
1/1/2023,Printer,Office,West,9,5904,1440.45
3/20/2024,Printer,Office,South,5,4970,1080.12
2/2/2024,Headphones,Accessories,West,2,2288,234.97
7/18/2023,Smartphone,Electronics,East,6,4662,350.79
2/25/2022,Mouse,Accessories,East,4,2532,404.96
12/19/2024,Tablet,Electronics,South,8,9328,1008.6
2/5/2022,Printer,Office,North,1,686,86.18
2/29/2024,Smartwatch,Electronics,South,6,1290,343.35
8/26/2022,Printer,Office,West,5,1205,235.19
9/17/2024,Headphones,Accessories,South,7,7966,1313.56
8/14/2022,Camera,Electronics,North,7,1085,130.72
8/29/2024,Monitor,Accessories,West,9,6633,1239.11
11/21/2024,Laptop,Electronics,North,7,5096,971.5
7/20/2022,Tablet,Electronics,East,4,4120,710.07
8/15/2022,Monitor,Accessories,West,3,1479,207.58
4/9/2024,Smartphone,Electronics,West,7,1652,397.49
7/7/2022,Laptop,Electronics,South,1,1028,240.61
5/1/2023,Monitor,Accessories,East,4,4580,655.14
1/28/2024,Monitor,Accessories,South,8,2152,196.53
7/4/2022,Monitor,Accessories,South,6,4566,866.13
4/6/2024,Headphones,Accessories,East,3,2244,301.53
2/1/2024,Mouse,Accessories,West,4,1344,140.52
10/1/2023,Printer,Office,South,6,2622,131.53
12/3/2022,Smartphone,Electronics,South,1,325,46.84
12/17/2024,Keyboard,Accessories,West,1,960,95.88
11/30/2023,Smartphone,Electronics,North,7,2639,268.88
6/5/2024,Printer,Office,South,5,1025,246.15
1/13/2022,Monitor,Accessories,West,2,1924,434.86
8/29/2023,Smartphone,Electronics,North,2,1660,362.88
5/23/2022,Printer,Office,North,1,985,105.09
7/14/2024,Keyboard,Accessories,North,5,2600,537.11
10/21/2024,Camera,Electronics,West,4,2792,725.35
8/31/2024,Headphones,Accessories,North,2,378,87.37
4/17/2022,Camera,Electronics,West,8,968,271.61
5/12/2024,Smartwatch,Electronics,North,3,564,108.35
1/25/2023,Laptop,Electronics,South,5,2365,667.61
4/1/2024,Smartphone,Electronics,West,6,3252,834.84
5/5/2024,Camera,Electronics,North,1,276,42.68
5/20/2024,Mouse,Accessories,West,3,3408,205.76
10/20/2022,Laptop,Electronics,East,6,1398,180.88
2/27/2022,Keyboard,Accessories,North,4,904,108.85
12/1/2023,Keyboard,Accessories,South,1,1178,161.06
7/29/2022,Headphones,Accessories,West,3,2535,292.19
4/17/2023,Tablet,Electronics,West,1,496,146.92
6/30/2024,Smartphone,Electronics,West,4,3888,284.17
3/12/2024,Tablet,Electronics,East,7,4921,798.16
7/4/2024,Smartwatch,Electronics,West,8,4472,290.79
4/9/2023,Tablet,Electronics,North,3,603,153.37
3/10/2023,Headphones,Accessories,West,9,1899,501.4
1/3/2023,Printer,Office,North,4,544,67.84
5/29/2022,Monitor,Accessories,North,9,6471,1844.59
3/22/2023,Keyboard,Accessories,North,1,677,54.14
9/7/2022,Laptop,Electronics,South,4,1372,302.58
6/8/2024,Keyboard,Accessories,North,9,7542,1477.49
4/16/2023,Monitor,Accessories,West,1,924,125.65
7/11/2022,Smartphone,Electronics,East,5,3940,755.11
10/5/2024,Tablet,Electronics,West,2,374,49.26
3/19/2023,Printer,Office,North,5,1800,252.69
12/26/2022,Monitor,Accessories,West,5,3170,868.34
8/17/2024,Headphones,Accessories,North,7,5362,1029.47
11/5/2023,Monitor,Accessories,East,9,5976,1747.57
7/6/2023,Keyboard,Accessories,North,9,8514,1400.4
11/25/2023,Laptop,Electronics,South,1,810,157.47
1/8/2022,Mouse,Accessories,South,1,71,12.02
6/15/2022,Laptop,Electronics,North,1,651,57.94
3/13/2022,Monitor,Accessories,North,3,1245,119.11
11/6/2023,Monitor,Accessories,West,1,464,58.38
2/11/2023,Monitor,Accessories,North,5,5155,356.43
12/11/2023,Smartphone,Electronics,East,5,5175,786.27
1/13/2022,Smartphone,Electronics,East,2,1668,470.42
9/30/2024,Printer,Office,East,3,1872,532.81
1/16/2023,Laptop,Electronics,North,3,513,132.56
4/5/2024,Printer,Office,West,2,2276,366.5
1/2/2024,Mouse,Accessories,West,4,3428,305.79
3/2/2024,Keyboard,Accessories,East,2,1640,176.87
5/25/2024,Camera,Electronics,East,7,7077,1921.73
10/20/2023,Printer,Office,South,9,9225,1391.15
6/20/2022,Mouse,Accessories,South,5,3910,584.77
5/9/2023,Printer,Office,West,5,1995,369.22
8/31/2023,Keyboard,Accessories,North,7,385,43.43
3/23/2023,Mouse,Accessories,East,4,4316,566.7
4/28/2024,Smartwatch,Electronics,North,1,1169,340.69
3/30/2023,Headphones,Accessories,East,5,2325,506.32
2/18/2024,Monitor,Accessories,North,1,199,48.92
8/13/2022,Smartwatch,Electronics,South,3,375,80.58
5/5/2022,Laptop,Electronics,East,9,8010,763.32
1/3/2023,Mouse,Accessories,East,4,316,77.13
11/14/2024,Camera,Electronics,South,9,5895,442.49
4/9/2022,Headphones,Accessories,East,4,388,35.21
6/12/2024,Mouse,Accessories,West,5,3670,462.97
10/15/2024,Smartphone,Electronics,East,9,7731,2178.05
10/18/2023,Laptop,Electronics,South,3,1596,91.23
4/6/2024,Camera,Electronics,East,4,4192,216.16
7/29/2023,Tablet,Electronics,West,7,5264,756.33
6/4/2023,Laptop,Electronics,North,1,425,48.81
3/17/2022,Smartwatch,Electronics,North,4,3380,211.72
3/7/2024,Printer,Office,East,7,8379,2009.05
3/5/2022,Keyboard,Accessories,North,4,2040,393.72
4/17/2024,Printer,Office,East,4,1336,116.65
8/22/2024,Keyboard,Accessories,South,2,1934,157.41
4/9/2024,Keyboard,Accessories,South,3,1560,391.11
7/20/2024,Keyboard,Accessories,North,6,4446,1217.86
3/17/2023,Printer,Office,West,3,1893,508.8
7/4/2024,Camera,Electronics,East,4,4492,670.42
8/12/2023,Mouse,Accessories,South,6,6228,1852.45
4/23/2023,Camera,Electronics,East,7,4403,1295.89
10/15/2022,Headphones,Accessories,South,9,4176,510.97
5/24/2022,Keyboard,Accessories,West,2,486,64.43
5/9/2022,Printer,Office,East,5,4880,1084.69
11/2/2022,Printer,Office,West,5,265,53.21
9/10/2023,Laptop,Electronics,East,1,1041,128.58
3/28/2024,Smartphone,Electronics,East,8,9448,616.5
7/1/2022,Headphones,Accessories,South,3,1617,440.46
2/17/2024,Laptop,Electronics,West,2,1486,233.7
7/8/2023,Smartwatch,Electronics,East,8,7152,1539.72
12/29/2022,Mouse,Accessories,East,6,1404,368.36
8/11/2023,Camera,Electronics,South,2,122,16.23
8/1/2023,Camera,Electronics,North,9,7533,1285.72
7/23/2023,Headphones,Accessories,South,4,3888,810.08
7/5/2024,Smartphone,Electronics,South,5,870,48.87
11/28/2022,Mouse,Accessories,South,2,1446,403.89
11/11/2024,Tablet,Electronics,South,6,510,151.91
7/29/2024,Keyboard,Accessories,West,8,6224,790.27
4/25/2023,Keyboard,Accessories,North,2,686,85.03
12/11/2023,Mouse,Accessories,West,4,2840,591.94
11/12/2023,Laptop,Electronics,South,7,2562,347.62
5/4/2024,Smartphone,Electronics,West,5,790,216.12
7/9/2022,Laptop,Electronics,East,5,4170,786.42
11/22/2022,Tablet,Electronics,East,4,1360,373.59
3/13/2022,Camera,Electronics,East,6,5316,782.42
7/20/2023,Laptop,Electronics,West,4,3956,293.38
5/9/2022,Monitor,Accessories,North,3,726,94.38
8/4/2024,Smartphone,Electronics,North,4,228,29.37
7/31/2022,Headphones,Accessories,North,3,2274,442.57
9/13/2024,Keyboard,Accessories,North,9,2628,459.87
5/26/2024,Camera,Electronics,South,6,606,104.85
11/15/2024,Headphones,Accessories,East,8,7256,558.79
3/11/2023,Camera,Electronics,West,4,1956,125.69
6/20/2024,Printer,Office,South,6,3954,690.1
1/11/2023,Keyboard,Accessories,East,6,2262,442.86
2/15/2022,Printer,Office,North,4,2804,391.59
4/26/2022,Tablet,Electronics,South,9,5850,1511.06
6/7/2023,Keyboard,Accessories,West,1,56,9.16
1/17/2024,Monitor,Accessories,East,9,4302,344.64
5/14/2024,Camera,Electronics,West,9,10143,1690.66
5/15/2023,Headphones,Accessories,North,1,1012,164.89
5/22/2023,Tablet,Electronics,East,9,8964,448.62
8/5/2022,Mouse,Accessories,South,6,1758,262.36
10/12/2023,Printer,Office,North,6,6348,557.72
11/4/2023,Printer,Office,North,2,1582,422.46
5/17/2023,Mouse,Accessories,South,2,1924,394.4
4/2/2023,Keyboard,Accessories,North,1,120,23.86
1/26/2024,Headphones,Accessories,East,8,7752,1943.84
7/13/2023,Camera,Electronics,East,2,1114,300.44
11/28/2024,Keyboard,Accessories,North,5,1765,229.06
8/10/2022,Keyboard,Accessories,West,6,6834,1418.21
9/14/2022,Smartphone,Electronics,East,5,1520,433.53
8/5/2023,Smartwatch,Electronics,West,7,8141,767.6
8/30/2023,Tablet,Electronics,South,8,5176,866.36
5/11/2024,Mouse,Accessories,East,9,738,64.42
1/17/2024,Printer,Office,South,9,4086,217.48
9/16/2022,Mouse,Accessories,East,2,442,28.13
1/13/2023,Smartphone,Electronics,East,6,2478,153.86
1/22/2022,Keyboard,Accessories,South,2,1860,327.15
5/24/2022,Monitor,Accessories,East,9,4968,991.82
3/5/2023,Printer,Office,South,3,1446,278.94
4/25/2023,Mouse,Accessories,East,7,1722,414.87
7/13/2024,Smartwatch,Electronics,East,7,6573,460.28
9/1/2024,Headphones,Accessories,East,3,2481,249.52
12/26/2024,Monitor,Accessories,West,6,3828,1102.86
8/20/2023,Tablet,Electronics,East,7,1197,103.34
1/9/2022,Tablet,Electronics,West,7,7623,1459.84
8/14/2022,Mouse,Accessories,North,9,3384,252.11
1/1/2022,Monitor,Accessories,South,8,1296,273.97
7/25/2024,Tablet,Electronics,West,8,2840,262.62
8/22/2024,Camera,Electronics,East,7,1540,342.93
6/28/2022,Camera,Electronics,West,2,1414,308.39
4/26/2023,Camera,Electronics,West,8,8328,466.38
8/29/2023,Camera,Electronics,North,2,744,217.21
1/2/2023,Mouse,Accessories,South,9,1773,168.01
8/11/2023,Smartphone,Electronics,East,7,6034,1018.37
6/22/2023,Smartphone,Electronics,South,9,756,99.21
7/27/2024,Monitor,Accessories,East,8,2256,468.52
11/30/2023,Monitor,Accessories,North,7,875,203.63
11/26/2024,Headphones,Accessories,South,4,1208,115.13
8/15/2023,Headphones,Accessories,South,2,352,54.19
2/23/2023,Printer,Office,West,6,4266,357.51
3/26/2022,Tablet,Electronics,North,7,1841,496.89
7/27/2024,Camera,Electronics,East,1,712,89.5
3/23/2024,Printer,Office,West,2,724,72.19
12/9/2024,Smartphone,Electronics,West,8,5832,662.72
6/17/2023,Keyboard,Accessories,South,6,4188,989.14
9/21/2023,Tablet,Electronics,West,1,392,50.7
5/14/2022,Laptop,Electronics,East,9,963,49.71
4/13/2024,Camera,Electronics,West,6,5706,319.46
6/11/2024,Headphones,Accessories,West,7,1365,312.04
5/23/2023,Headphones,Accessories,South,1,202,11.24
12/24/2023,Smartphone,Electronics,North,9,2430,613.67
4/26/2023,Monitor,Accessories,South,3,2670,515.39
1/21/2022,Tablet,Electronics,South,7,2758,520.66
10/14/2022,Monitor,Accessories,South,9,873,82.35
8/23/2023,Smartwatch,Electronics,West,9,7245,1410.92
9/13/2023,Camera,Electronics,North,4,960,255.24
12/28/2024,Smartwatch,Electronics,East,4,1284,171.02
6/9/2023,Mouse,Accessories,West,4,512,110.47
7/10/2022,Smartwatch,Electronics,South,9,9729,2039.41
1/11/2023,Camera,Electronics,North,5,1580,166.16
7/26/2023,Mouse,Accessories,East,8,976,234.24
1/5/2024,Printer,Office,North,8,1824,495.35
5/8/2023,Smartphone,Electronics,South,4,3188,202.81
11/29/2023,Camera,Electronics,East,7,5467,556.02
9/5/2024,Smartphone,Electronics,South,6,5406,1277.46
8/8/2024,Headphones,Accessories,East,8,2984,742.31
4/12/2023,Printer,Office,North,1,919,193.35
8/18/2023,Camera,Electronics,South,6,1686,426.72
6/2/2023,Laptop,Electronics,West,7,4165,493.24
11/17/2023,Smartphone,Electronics,West,7,1281,282.63
6/17/2024,Smartwatch,Electronics,East,3,2829,362.16
4/6/2024,Monitor,Accessories,West,3,2211,292.31
12/18/2024,Headphones,Accessories,East,4,4740,607.81
12/9/2023,Camera,Electronics,East,1,718,169.09
10/10/2022,Headphones,Accessories,North,6,1716,108.81
4/22/2024,Monitor,Accessories,South,7,1547,152.59
6/14/2022,Mouse,Accessories,North,1,739,111.18
9/3/2023,Laptop,Electronics,West,3,819,231.88
12/19/2023,Laptop,Electronics,South,8,5696,1156.3
1/22/2023,Monitor,Accessories,South,2,1706,184.71
1/23/2024,Camera,Electronics,North,2,2066,608.23
6/7/2024,Laptop,Electronics,North,2,256,35.66
2/4/2024,Smartphone,Electronics,North,2,1102,182.54
8/31/2024,Monitor,Accessories,North,8,2872,483.94
11/11/2024,Tablet,Electronics,East,4,2584,394.52
7/27/2024,Mouse,Accessories,North,2,1366,298.32
5/11/2024,Smartwatch,Electronics,South,7,1253,354.23
3/24/2023,Laptop,Electronics,West,7,2618,300.81
9/22/2022,Headphones,Accessories,East,9,6822,1811.37
11/5/2023,Keyboard,Accessories,East,6,5286,636.16
6/13/2024,Monitor,Accessories,North,1,579,133.57
2/28/2022,Laptop,Electronics,West,8,1392,190.99
11/14/2022,Laptop,Electronics,West,9,2493,696.69
9/17/2023,Smartphone,Electronics,North,7,6461,766.45
8/17/2022,Tablet,Electronics,East,2,1486,201.07
5/14/2023,Printer,Office,South,1,1152,280.28
3/12/2022,Smartwatch,Electronics,West,2,1750,103.99
7/12/2022,Smartphone,Electronics,West,7,4417,495.37
7/5/2024,Laptop,Electronics,South,4,3724,276.85
6/16/2023,Camera,Electronics,West,3,2220,121.14
6/20/2023,Monitor,Accessories,West,8,9104,2620.58
8/8/2024,Printer,Office,West,3,3093,584.23
3/1/2023,Headphones,Accessories,South,6,3048,842.24
5/2/2022,Smartphone,Electronics,North,1,161,36.58
7/23/2023,Monitor,Accessories,West,7,7238,1889.69
3/30/2024,Smartphone,Electronics,North,3,3561,347.31
8/7/2022,Monitor,Accessories,North,5,1850,534.39
3/6/2022,Mouse,Accessories,West,6,3522,626.72
11/24/2023,Smartwatch,Electronics,East,1,584,172.4
8/31/2023,Smartphone,Electronics,East,4,2556,412.44
10/14/2023,Smartphone,Electronics,South,2,348,56.31
5/16/2023,Monitor,Accessories,South,9,1602,142.49
6/19/2023,Monitor,Accessories,South,3,2853,437.59
7/21/2023,Printer,Office,West,1,1024,230.3
3/20/2022,Camera,Electronics,East,5,4485,1324.49
8/6/2023,Printer,Office,East,2,436,79.69
10/21/2024,Smartwatch,Electronics,North,2,2232,150.12
8/14/2022,Keyboard,Accessories,South,6,7056,1445.01
3/15/2022,Keyboard,Accessories,East,5,875,96.65
2/1/2022,Smartwatch,Electronics,East,3,315,61.94
4/24/2022,Laptop,Electronics,East,2,358,51.75
3/23/2023,Camera,Electronics,South,7,3451,194.42
2/10/2022,Laptop,Electronics,North,9,1350,189.13
10/19/2023,Tablet,Electronics,West,8,3320,413.32
9/10/2024,Mouse,Accessories,North,9,8442,940.33
6/17/2022,Keyboard,Accessories,South,1,166,31.97
8/9/2023,Mouse,Accessories,North,5,3720,448.6
7/11/2023,Laptop,Electronics,South,2,1090,136.65
1/5/2024,Laptop,Electronics,West,9,9783,2347.49
9/22/2022,Smartphone,Electronics,North,4,2432,657.18
6/22/2023,Mouse,Accessories,North,7,4060,291.42
3/26/2023,Smartwatch,Electronics,North,1,387,99.59
8/11/2023,Smartwatch,Electronics,North,3,966,120.56
5/17/2024,Tablet,Electronics,North,3,3366,882.29
6/30/2024,Monitor,Accessories,West,7,7833,1843.94
4/9/2023,Monitor,Accessories,West,1,610,33.55
5/28/2022,Smartwatch,Electronics,West,8,4288,597.09
7/18/2022,Printer,Office,North,9,7740,605.35
8/20/2024,Smartwatch,Electronics,West,9,3150,457.13
12/31/2023,Keyboard,Accessories,West,2,894,224.75
10/9/2022,Laptop,Electronics,North,8,7544,1219.73
3/1/2024,Keyboard,Accessories,North,8,6360,1871.88
3/19/2022,Smartphone,Electronics,West,4,2428,485.75
10/5/2022,Headphones,Accessories,South,2,574,38.52
4/25/2023,Keyboard,Accessories,West,6,6744,660.47
9/11/2023,Headphones,Accessories,North,6,798,213.4
1/13/2023,Printer,Office,North,5,2860,339
4/3/2022,Printer,Office,South,5,5410,1129.77
2/26/2023,Laptop,Electronics,West,5,4445,580.15
11/3/2024,Smartwatch,Electronics,South,8,7536,1197.09
9/26/2023,Monitor,Accessories,North,7,4165,263.26
2/19/2024,Laptop,Electronics,East,3,3021,763.99
4/29/2024,Keyboard,Accessories,North,2,310,70.66
5/15/2024,Headphones,Accessories,South,2,2170,522
10/22/2024,Tablet,Electronics,West,3,2832,317.76
7/31/2022,Smartwatch,Electronics,West,5,3945,392.09
9/10/2022,Tablet,Electronics,South,4,2104,308
8/24/2022,Monitor,Accessories,South,2,2060,517.64
6/23/2024,Printer,Office,North,4,1060,155.78
1/13/2023,Smartwatch,Electronics,South,6,810,108.61
9/23/2022,Laptop,Electronics,West,3,873,57.42
2/8/2022,Tablet,Electronics,West,5,595,121.11
12/18/2022,Laptop,Electronics,West,2,1562,119.56
1/25/2022,Smartwatch,Electronics,East,9,5337,1575.99
12/9/2022,Printer,Office,North,2,212,13.4
6/14/2023,Printer,Office,East,8,2704,705.74
5/31/2024,Laptop,Electronics,North,5,3225,523.32
8/7/2023,Monitor,Accessories,North,2,1342,184.59
7/13/2022,Mouse,Accessories,South,7,3395,1012.78
12/1/2024,Smartwatch,Electronics,East,4,3968,480.72
4/12/2024,Smartphone,Electronics,West,5,4555,776.65
2/26/2022,Tablet,Electronics,West,2,2132,365.44
3/31/2022,Mouse,Accessories,West,6,6516,842.83
8/17/2023,Smartwatch,Electronics,North,2,2040,481.15
9/23/2024,Mouse,Accessories,East,6,6126,428.38
9/11/2022,Smartwatch,Electronics,West,8,520,30.58
1/1/2023,Camera,Electronics,South,5,4470,526.96
7/12/2024,Smartwatch,Electronics,West,8,5504,1196.78
1/11/2022,Headphones,Accessories,West,4,3036,511.69
10/5/2024,Smartwatch,Electronics,East,5,2725,308.29
9/16/2024,Printer,Office,North,8,4080,336.96
5/23/2024,Keyboard,Accessories,North,8,3080,776.6
6/8/2023,Smartwatch,Electronics,North,5,1525,413.75
7/16/2022,Monitor,Accessories,South,4,1332,342.85
7/24/2023,Smartphone,Electronics,South,7,4669,803.21
3/12/2022,Smartwatch,Electronics,West,6,5310,1099.84
1/12/2023,Camera,Electronics,East,8,9392,2651.84
11/3/2022,Monitor,Accessories,South,5,1350,198.19
3/14/2024,Monitor,Accessories,North,4,3648,768.61
7/27/2023,Printer,Office,North,2,300,47.59
8/14/2022,Smartphone,Electronics,North,3,3408,727.26
11/17/2024,Keyboard,Accessories,South,9,4302,475.96
5/13/2024,Keyboard,Accessories,South,5,4575,771.24
10/21/2022,Laptop,Electronics,East,8,9304,1855.7
4/15/2024,Monitor,Accessories,East,4,1928,232.48
1/17/2023,Printer,Office,East,2,1042,86.24
11/28/2023,Tablet,Electronics,East,3,2214,507.7
5/3/2024,Keyboard,Accessories,South,4,3024,678.26
8/11/2023,Camera,Electronics,East,2,1104,173.01
7/26/2022,Mouse,Accessories,East,8,6056,1631.71
2/7/2023,Mouse,Accessories,South,5,5295,1375.98
1/19/2022,Smartphone,Electronics,North,4,3668,839.4
6/30/2023,Printer,Office,South,9,4293,295.47
8/19/2022,Mouse,Accessories,North,7,5789,950.45
8/27/2023,Smartwatch,Electronics,North,6,4440,800.92
3/10/2022,Printer,Office,South,5,5515,330.02
10/12/2024,Camera,Electronics,North,4,784,192.77
6/15/2024,Laptop,Electronics,East,4,576,156.59
9/9/2024,Smartwatch,Electronics,West,5,705,198.62
9/24/2023,Keyboard,Accessories,North,6,4458,1215.3
8/25/2022,Smartphone,Electronics,East,6,6780,811.92
10/1/2023,Smartwatch,Electronics,North,5,3970,642.7
1/8/2023,Monitor,Accessories,North,7,5131,368.11
10/2/2022,Laptop,Electronics,East,7,1750,90.21
2/11/2022,Tablet,Electronics,East,7,8337,753.35
9/15/2022,Keyboard,Accessories,East,9,9810,549.46
1/28/2024,Keyboard,Accessories,East,3,2658,794.36
7/23/2022,Printer,Office,West,1,473,43.65
1/14/2022,Tablet,Electronics,North,9,2205,410.01
6/13/2023,Smartphone,Electronics,South,9,6948,1409.3
9/9/2022,Tablet,Electronics,North,3,774,212.02
12/26/2023,Tablet,Electronics,North,3,2532,343.13
11/16/2024,Laptop,Electronics,West,7,6587,1173.91
4/1/2024,Smartphone,Electronics,East,7,7266,806.79
11/27/2024,Smartphone,Electronics,East,7,6867,502.06
7/1/2023,Camera,Electronics,South,9,4887,396.36
2/13/2023,Mouse,Accessories,West,4,864,251.99
11/9/2023,Smartphone,Electronics,East,6,5190,1215.07
5/20/2022,Keyboard,Accessories,South,8,2128,294.45
6/26/2024,Mouse,Accessories,East,2,1718,218.82
5/2/2022,Smartphone,Electronics,North,2,1270,229.39
5/18/2023,Keyboard,Accessories,East,7,2569,130.19
2/14/2022,Printer,Office,South,2,1518,262.65
11/22/2022,Headphones,Accessories,South,2,1210,268.37
3/15/2022,Mouse,Accessories,East,2,1128,94.13
8/23/2023,Headphones,Accessories,North,1,1077,77.97
12/18/2023,Keyboard,Accessories,East,6,2244,517.47
9/16/2022,Mouse,Accessories,West,8,1608,464.18
12/15/2024,Camera,Electronics,West,5,3685,476.2
4/25/2024,Camera,Electronics,North,8,4080,1079.49
2/9/2024,Monitor,Accessories,North,1,404,84.4
4/19/2023,Keyboard,Accessories,South,2,1738,163.38
1/31/2023,Printer,Office,West,3,828,210.33
11/24/2023,Mouse,Accessories,North,4,4344,461.72
10/2/2023,Tablet,Electronics,North,1,1130,268.88
4/18/2024,Headphones,Accessories,North,3,1698,304.91
6/27/2023,Tablet,Electronics,East,4,844,136.02
2/20/2023,Printer,Office,West,2,2286,218.18
12/12/2023,Camera,Electronics,East,2,1026,170.31
10/4/2023,Laptop,Electronics,West,6,6984,1433.65
2/18/2022,Monitor,Accessories,West,4,1672,432.35
1/8/2023,Laptop,Electronics,North,6,1092,63.98
4/1/2024,Headphones,Accessories,South,2,272,24.71
11/12/2023,Headphones,Accessories,West,2,1126,204.99
10/22/2023,Mouse,Accessories,West,7,8155,2177.38
3/29/2023,Smartwatch,Electronics,East,7,4298,358.38
12/17/2022,Smartphone,Electronics,East,5,1365,310.66
11/28/2024,Camera,Electronics,West,6,4116,381.35
4/7/2022,Headphones,Accessories,South,8,904,181.45
12/5/2024,Smartwatch,Electronics,South,1,70,10.64
9/3/2023,Keyboard,Accessories,East,2,344,72.87
8/19/2023,Printer,Office,East,1,330,78.52
8/17/2024,Headphones,Accessories,South,2,518,34.22
8/18/2022,Mouse,Accessories,North,9,2763,458.4
3/26/2022,Smartwatch,Electronics,North,2,2298,343.53
10/2/2024,Monitor,Accessories,South,1,436,73.89
9/28/2022,Mouse,Accessories,East,6,1824,213.47
5/12/2024,Laptop,Electronics,North,5,1540,411.83
3/14/2023,Tablet,Electronics,East,7,5572,385.82
9/21/2023,Monitor,Accessories,East,6,3030,335.71
5/2/2024,Monitor,Accessories,West,5,1245,345.84
1/31/2022,Tablet,Electronics,South,4,1252,326.69
6/4/2024,Camera,Electronics,North,9,4959,479.28
2/16/2023,Monitor,Accessories,West,7,8162,443.81
5/26/2023,Monitor,Accessories,East,5,1370,253.92
12/28/2023,Tablet,Electronics,North,3,3111,607.23
10/10/2022,Mouse,Accessories,South,7,7805,1078.03
4/21/2024,Smartphone,Electronics,South,9,10314,2729.6
9/29/2023,Keyboard,Accessories,South,9,10782,2730.14
10/22/2024,Monitor,Accessories,West,5,4375,987.96
7/31/2023,Monitor,Accessories,North,5,2265,595.05
4/15/2022,Laptop,Electronics,East,1,166,9.69
4/24/2024,Headphones,Accessories,North,7,7217,1481.7
1/16/2022,Tablet,Electronics,East,3,1767,186.54
12/6/2023,Laptop,Electronics,East,3,2883,557.81
9/4/2024,Smartwatch,Electronics,South,3,1338,396.08
8/24/2024,Printer,Office,East,9,9459,604.06
6/10/2022,Printer,Office,North,3,168,45.31
10/3/2022,Smartphone,Electronics,South,9,4536,479.78
2/25/2022,Mouse,Accessories,East,4,4404,793.7
8/18/2023,Monitor,Accessories,North,4,1952,148.67
12/23/2022,Mouse,Accessories,North,3,2004,467.76
6/30/2022,Keyboard,Accessories,South,4,468,131.48
11/10/2024,Smartphone,Electronics,West,9,8667,1597.49
2/24/2024,Printer,Office,West,7,6097,567.32
4/11/2022,Headphones,Accessories,South,9,4752,1415.65
5/10/2023,Keyboard,Accessories,East,1,1172,124.9
5/20/2022,Keyboard,Accessories,North,2,1608,170.29
5/21/2023,Printer,Office,South,7,7595,969.07
7/17/2024,Smartwatch,Electronics,West,1,1142,306.84
11/18/2024,Keyboard,Accessories,North,2,116,13.67
6/6/2022,Smartphone,Electronics,East,9,3951,908.13
12/21/2023,Keyboard,Accessories,East,2,1606,138.96
11/16/2022,Headphones,Accessories,South,3,2025,403
7/24/2023,Smartwatch,Electronics,West,2,2006,235.52
6/5/2024,Camera,Electronics,South,9,9423,652.06
8/24/2022,Laptop,Electronics,North,4,2276,399.94
8/22/2022,Monitor,Accessories,West,5,4880,664.06
11/18/2024,Laptop,Electronics,East,3,1773,183.15
1/21/2023,Smartwatch,Electronics,South,9,2718,195.97
11/7/2022,Headphones,Accessories,East,4,3168,939.45
1/31/2022,Camera,Electronics,West,2,1716,368.06
2/7/2024,Smartphone,Electronics,West,2,214,14.08
6/4/2024,Camera,Electronics,East,2,2092,366.12
3/21/2024,Headphones,Accessories,West,3,225,46.96
3/26/2023,Smartwatch,Electronics,East,1,859,217.67
4/10/2022,Printer,Office,West,2,2070,183.41
6/10/2024,Keyboard,Accessories,South,6,3240,758.19
10/8/2022,Tablet,Electronics,East,2,1748,506.52
7/6/2023,Mouse,Accessories,West,8,2080,108.48
6/18/2022,Smartwatch,Electronics,North,3,2193,521.14
6/8/2023,Headphones,Accessories,West,5,2080,614.77
5/13/2022,Mouse,Accessories,South,5,5070,986.39
3/8/2024,Laptop,Electronics,South,7,469,47.4
10/8/2023,Printer,Office,South,1,802,153.55
12/31/2024,Smartphone,Electronics,West,6,930,213.6
3/11/2022,Smartwatch,Electronics,South,1,495,55.17
8/1/2024,Monitor,Accessories,East,6,4938,847.89
8/21/2022,Tablet,Electronics,South,2,1300,267.46
12/11/2024,Mouse,Accessories,South,7,2100,131.67
3/13/2024,Camera,Electronics,South,2,2248,636.52
12/5/2023,Headphones,Accessories,North,8,7096,991.23
5/13/2022,Headphones,Accessories,East,3,1992,252.21
1/29/2022,Camera,Electronics,South,4,4056,1189.26
12/22/2022,Camera,Electronics,East,2,1986,208.88
4/7/2024,Printer,Office,East,3,1635,196.73
3/5/2022,Smartwatch,Electronics,East,9,3132,443.27
5/21/2023,Smartphone,Electronics,South,8,7064,1554.52
3/16/2024,Camera,Electronics,East,1,907,249.2
1/14/2023,Mouse,Accessories,South,9,7938,1191.41
11/11/2023,Printer,Office,South,4,4360,1207.46
8/19/2024,Keyboard,Accessories,West,3,375,95.04
9/24/2022,Monitor,Accessories,North,7,826,101.01
11/4/2023,Headphones,Accessories,East,1,1011,186.42
9/9/2023,Mouse,Accessories,East,3,807,148.58
12/17/2024,Headphones,Accessories,North,2,1840,367.7
2/7/2022,Keyboard,Accessories,West,5,4550,1039.34
1/7/2024,Smartphone,Electronics,North,9,8793,901.7
7/9/2024,Headphones,Accessories,North,5,310,32.01
11/28/2023,Headphones,Accessories,East,3,1143,275.04
3/10/2022,Monitor,Accessories,West,3,2610,740.21
7/31/2022,Tablet,Electronics,West,6,1494,269.25
7/5/2023,Smartphone,Electronics,North,4,1524,189.32
11/21/2023,Tablet,Electronics,North,9,9441,2171.42
6/18/2022,Smartphone,Electronics,South,4,3520,417.26
3/29/2023,Tablet,Electronics,West,2,390,103.99
1/27/2024,Printer,Office,South,3,3219,255.09
9/29/2024,Laptop,Electronics,North,1,450,75.89
8/12/2023,Smartwatch,Electronics,South,4,828,216.98
1/17/2022,Printer,Office,East,1,1146,152.79
7/9/2024,Monitor,Accessories,West,3,1986,361.33
3/21/2023,Smartwatch,Electronics,North,8,7264,1776.83
6/8/2023,Laptop,Electronics,East,7,7469,915.63
3/19/2024,Laptop,Electronics,South,5,1385,165.55
3/13/2023,Tablet,Electronics,North,4,4556,315.07
2/8/2024,Monitor,Accessories,North,3,456,61.42
11/15/2024,Monitor,Accessories,North,2,1984,125.13
9/17/2024,Smartwatch,Electronics,North,6,5178,1321.58
5/11/2023,Smartwatch,Electronics,West,1,281,30.51
11/26/2024,Monitor,Accessories,South,9,3033,177.92
3/27/2022,Camera,Electronics,East,3,1107,65.88
4/10/2022,Mouse,Accessories,South,3,1446,356.7
7/27/2024,Printer,Office,North,3,1335,263.04
1/23/2023,Mouse,Accessories,South,2,266,20.11
4/22/2024,Smartphone,Electronics,West,6,648,162.3
3/15/2023,Tablet,Electronics,South,2,344,80.87
5/25/2024,Smartphone,Electronics,West,6,5724,1640.19
3/16/2022,Headphones,Accessories,East,5,4920,323.38
1/7/2023,Camera,Electronics,West,5,5440,457.04
4/25/2024,Smartphone,Electronics,West,7,7994,908.65
10/23/2023,Camera,Electronics,South,9,3780,724.36
5/27/2023,Smartphone,Electronics,North,1,1017,209.97
1/31/2023,Smartphone,Electronics,West,6,1578,82.85
10/9/2023,Smartphone,Electronics,South,2,912,161.37
4/29/2024,Laptop,Electronics,West,6,2520,182.59
12/6/2024,Mouse,Accessories,East,8,2632,262.55
7/10/2023,Monitor,Accessories,West,6,6582,729.68
1/16/2024,Camera,Electronics,East,8,3432,172.69
9/10/2023,Keyboard,Accessories,South,2,1030,254.65
10/13/2022,Mouse,Accessories,West,8,1192,289.91
7/24/2024,Printer,Office,West,9,7083,994.47
2/22/2022,Printer,Office,South,7,3675,227.14
10/30/2023,Monitor,Accessories,North,4,4740,833.27
4/14/2024,Headphones,Accessories,East,4,1716,364.96
2/7/2023,Printer,Office,South,7,3528,260.06
6/22/2022,Camera,Electronics,South,3,777,71.72
4/29/2022,Camera,Electronics,East,4,3368,558.93
10/11/2022,Tablet,Electronics,North,4,4240,251.46
4/15/2022,Laptop,Electronics,South,3,3285,292.87
1/14/2023,Smartphone,Electronics,South,6,4872,612.73
8/24/2022,Smartphone,Electronics,East,9,2466,638.41
10/26/2024,Tablet,Electronics,West,5,2465,497.19
5/15/2023,Tablet,Electronics,North,3,612,40.15
10/25/2022,Tablet,Electronics,South,5,4170,658.98
3/13/2023,Camera,Electronics,South,8,1088,160.33
7/30/2024,Keyboard,Accessories,West,2,1626,354.49
11/6/2023,Smartphone,Electronics,North,6,6486,359.49
12/14/2022,Monitor,Accessories,West,8,6968,1226.22
1/3/2024,Smartphone,Electronics,North,1,357,82.86
2/17/2024,Laptop,Electronics,South,1,454,58.4
4/4/2024,Tablet,Electronics,East,3,3582,501.47
6/25/2024,Tablet,Electronics,West,9,3762,484.75
10/31/2024,Smartwatch,Electronics,South,9,6642,394.48
9/25/2024,Monitor,Accessories,West,4,408,45.2
3/8/2024,Tablet,Electronics,West,1,105,25.26
5/4/2024,Tablet,Electronics,West,3,2682,584.69
7/11/2022,Keyboard,Accessories,East,7,497,76.31
8/19/2022,Printer,Office,South,7,4823,420.58
10/1/2024,Smartwatch,Electronics,North,8,4048,666.1
10/19/2023,Printer,Office,South,7,2758,459.02
12/23/2022,Smartphone,Electronics,North,8,4096,266.35
10/11/2024,Printer,Office,North,8,7264,1318
4/9/2022,Mouse,Accessories,East,6,4302,957.38
3/3/2022,Printer,Office,North,7,3297,583.86
1/27/2023,Printer,Office,North,5,5960,1139.78
1/22/2024,Keyboard,Accessories,West,1,386,114.9
1/20/2022,Printer,Office,West,1,684,170.36
6/15/2022,Laptop,Electronics,South,3,1275,168.64
5/18/2023,Mouse,Accessories,North,9,5949,368.51
2/6/2023,Camera,Electronics,East,7,5159,755.22
7/1/2022,Monitor,Accessories,North,4,1100,127.13
1/26/2024,Mouse,Accessories,South,2,290,50.23
8/5/2023,Smartwatch,Electronics,East,8,7144,492.1
8/9/2022,Keyboard,Accessories,West,5,4200,330.48
2/8/2022,Monitor,Accessories,North,6,5022,291.89
12/13/2024,Smartphone,Electronics,West,2,2354,371.34
10/10/2024,Smartphone,Electronics,South,2,2032,149.7
10/15/2024,Printer,Office,South,8,9528,1942.35
5/25/2024,Keyboard,Accessories,South,2,2372,275.88
2/14/2022,Laptop,Electronics,West,3,2703,609.75
5/4/2023,Laptop,Electronics,South,4,1264,267.82
5/21/2024,Smartphone,Electronics,South,4,1624,333.74
5/14/2023,Mouse,Accessories,West,8,2976,507.77
7/2/2024,Headphones,Accessories,West,6,4998,863.82
4/18/2024,Printer,Office,South,1,445,29.57
10/20/2022,Printer,Office,West,1,98,28.57
8/22/2022,Tablet,Electronics,North,7,4102,354.03
1/11/2022,Printer,Office,North,1,1016,171.31
8/18/2023,Headphones,Accessories,South,4,1960,234.88
9/15/2024,Mouse,Accessories,West,7,2751,675.95
7/15/2022,Smartphone,Electronics,East,7,4032,742.98
7/28/2024,Smartphone,Electronics,West,7,5978,1791.25
12/16/2023,Headphones,Accessories,West,7,8050,2129.97
5/24/2024,Monitor,Accessories,East,7,4648,1240.98
6/14/2022,Smartphone,Electronics,North,3,1119,108.68
6/14/2023,Printer,Office,South,9,2178,382.67
12/11/2024,Laptop,Electronics,East,1,918,180.31
2/5/2023,Smartphone,Electronics,East,9,6903,837.35
8/21/2023,Keyboard,Accessories,North,5,4855,534.23
12/18/2023,Camera,Electronics,South,2,2158,483.94
4/13/2023,Mouse,Accessories,North,7,4550,1077.8
9/24/2023,Tablet,Electronics,West,4,3592,249.54
12/19/2022,Tablet,Electronics,South,8,3488,943.25
5/21/2022,Monitor,Accessories,North,2,1214,163.8
9/21/2024,Mouse,Accessories,West,9,7200,1469.23
3/24/2023,Laptop,Electronics,East,8,1808,339.31
12/29/2022,Camera,Electronics,West,9,7083,560.88
6/5/2024,Monitor,Accessories,East,4,1060,260.21
11/17/2022,Smartwatch,Electronics,South,9,7182,461.61
5/7/2024,Smartphone,Electronics,West,6,5532,552.74
8/23/2024,Headphones,Accessories,South,8,1800,326.03
12/17/2023,Headphones,Accessories,South,1,351,32.61
11/10/2022,Smartwatch,Electronics,West,2,1200,191.43
12/1/2023,Tablet,Electronics,South,9,1593,322.46
12/15/2024,Monitor,Accessories,East,3,2580,448.02
3/12/2022,Keyboard,Accessories,East,6,6780,1794.97
3/25/2022,Smartphone,Electronics,South,2,1298,204.08
12/24/2024,Smartwatch,Electronics,South,7,4585,383.97
4/16/2023,Tablet,Electronics,North,1,516,70.53
5/14/2024,Tablet,Electronics,West,4,1780,420.28
11/7/2022,Keyboard,Accessories,North,5,365,94.05
2/26/2023,Tablet,Electronics,South,8,3896,735.66
4/28/2024,Laptop,Electronics,South,1,636,169.24
7/27/2024,Monitor,Accessories,East,7,637,87.86
9/26/2023,Keyboard,Accessories,South,3,1302,180.82
8/24/2024,Smartphone,Electronics,West,1,719,40.42
8/8/2023,Camera,Electronics,West,6,5106,1341.93
7/11/2023,Mouse,Accessories,West,3,1215,129.8
5/23/2024,Camera,Electronics,East,9,1791,187.28
9/30/2023,Printer,Office,East,9,6255,452.46
5/2/2023,Printer,Office,East,5,4165,1012.37
12/31/2023,Monitor,Accessories,South,5,5990,1192.11
12/1/2023,Tablet,Electronics,South,1,847,142.74
2/4/2024,Camera,Electronics,East,8,688,131.26
6/24/2023,Tablet,Electronics,East,2,1188,286.38
8/20/2023,Camera,Electronics,North,7,3101,926.09
12/30/2024,Headphones,Accessories,West,9,8703,1562.88
10/29/2024,Printer,Office,West,9,9324,2416.93
9/20/2024,Laptop,Electronics,North,1,749,68.17
11/17/2024,Smartwatch,Electronics,West,4,3224,871.53
10/1/2023,Monitor,Accessories,South,3,459,40.96
12/24/2024,Smartwatch,Electronics,East,7,5726,976.14
4/20/2022,Keyboard,Accessories,West,4,616,175.75
12/24/2024,Laptop,Electronics,North,2,1584,406.25
6/24/2023,Laptop,Electronics,East,5,3205,368.41
9/18/2024,Printer,Office,East,1,958,186.76
12/18/2023,Laptop,Electronics,East,9,5139,1315.93
11/9/2024,Smartphone,Electronics,West,5,3795,239.15
3/3/2024,Camera,Electronics,East,2,810,229.33
5/11/2024,Camera,Electronics,South,6,5106,1500.2
6/30/2024,Monitor,Accessories,West,2,798,79.25
2/22/2022,Laptop,Electronics,West,5,3165,895.33
9/21/2023,Tablet,Electronics,East,5,5935,875.84
6/27/2022,Keyboard,Accessories,South,4,3352,663.15
1/29/2024,Smartphone,Electronics,West,9,8343,821
5/25/2022,Monitor,Accessories,East,4,2604,411.38
10/28/2023,Headphones,Accessories,West,1,526,108.88
11/12/2023,Monitor,Accessories,West,9,5220,1324.01
11/12/2023,Printer,Office,North,9,1737,152.98
10/24/2022,Mouse,Accessories,West,6,3186,841.04
1/13/2023,Smartphone,Electronics,West,6,7014,1202.25
1/17/2023,Mouse,Accessories,South,9,3411,444.87
1/20/2022,Monitor,Accessories,East,1,513,87.58
7/5/2022,Smartphone,Electronics,West,1,1104,277.85
8/11/2022,Smartphone,Electronics,East,9,2718,271.51
5/14/2023,Headphones,Accessories,North,6,1662,416.3
12/16/2023,Mouse,Accessories,West,5,1700,360.59
12/6/2024,Tablet,Electronics,South,4,2932,597.65
10/13/2023,Mouse,Accessories,North,4,3604,971.14
3/26/2024,Camera,Electronics,West,4,4596,553.58
4/5/2024,Smartwatch,Electronics,East,6,930,68.24
6/24/2023,Tablet,Electronics,North,3,2790,470.93
5/22/2022,Smartphone,Electronics,North,6,4596,1162.75
10/15/2023,Keyboard,Accessories,South,1,962,260.28
10/23/2024,Smartphone,Electronics,North,1,92,14.88
9/29/2024,Keyboard,Accessories,North,5,1130,254.99
4/29/2024,Headphones,Accessories,East,6,6024,1706.41
1/16/2024,Printer,Office,South,1,879,135
6/6/2022,Monitor,Accessories,East,8,2384,444.98
12/25/2024,Camera,Electronics,South,4,4644,277.26
4/4/2024,Keyboard,Accessories,East,1,607,79.78
9/29/2022,Mouse,Accessories,South,7,770,129.11
11/6/2022,Keyboard,Accessories,South,1,711,158.89
8/2/2023,Keyboard,Accessories,South,2,1088,235.83
3/5/2024,Laptop,Electronics,East,7,4704,513.14
12/15/2022,Laptop,Electronics,East,5,660,90.86
11/25/2022,Headphones,Accessories,South,5,4680,516.26
10/6/2022,Camera,Electronics,East,7,6797,665.29
12/11/2024,Mouse,Accessories,North,9,558,38.86
9/13/2023,Monitor,Accessories,East,4,4496,1115.75
5/28/2022,Keyboard,Accessories,South,1,713,62.78
8/17/2022,Camera,Electronics,East,2,1310,212.43
10/31/2024,Keyboard,Accessories,West,9,2853,564.05
11/20/2023,Camera,Electronics,South,2,2324,516.06
4/16/2024,Laptop,Electronics,North,1,330,53.42
9/22/2023,Camera,Electronics,South,3,588,100.52
5/7/2024,Smartphone,Electronics,East,1,63,11.91
3/15/2022,Tablet,Electronics,East,7,847,147.71
6/28/2024,Printer,Office,East,1,1037,56.89
1/6/2024,Mouse,Accessories,North,1,373,72.17
12/20/2023,Laptop,Electronics,North,1,1176,157.47
1/11/2022,Smartphone,Electronics,East,3,2139,422.52
12/11/2024,Monitor,Accessories,West,9,4140,301.12
1/13/2024,Laptop,Electronics,North,1,1038,63.23
7/28/2024,Monitor,Accessories,East,8,2024,203.11
4/15/2022,Smartwatch,Electronics,South,6,6624,1136.09
9/23/2023,Smartwatch,Electronics,East,7,5019,1154.79
4/15/2024,Smartphone,Electronics,East,5,750,207.77
3/23/2023,Camera,Electronics,North,7,6461,1455.36
11/4/2023,Tablet,Electronics,West,6,2946,208.01
5/24/2024,Monitor,Accessories,South,1,618,81.04
3/27/2022,Printer,Office,South,2,1774,322.49
5/11/2022,Camera,Electronics,East,9,8586,700.37
2/13/2024,Laptop,Electronics,South,5,2000,232.41
2/16/2023,Mouse,Accessories,East,1,849,205.88
8/13/2023,Mouse,Accessories,East,6,3186,374.63
5/15/2024,Monitor,Accessories,South,4,2536,495.13
5/9/2024,Smartwatch,Electronics,South,2,1306,228.41
5/2/2022,Tablet,Electronics,East,3,2508,631.85
7/13/2024,Tablet,Electronics,North,8,1048,107.56
11/19/2022,Keyboard,Accessories,East,4,1516,256.96
3/4/2024,Smartphone,Electronics,West,9,10458,1835.21
5/20/2024,Headphones,Accessories,East,9,2754,259.16
9/28/2022,Printer,Office,West,4,3432,364.27
12/25/2022,Monitor,Accessories,South,2,1234,257.89
7/30/2022,Monitor,Accessories,East,1,847,146.25
10/23/2022,Keyboard,Accessories,South,7,7672,896.11
4/4/2024,Monitor,Accessories,North,9,7596,1454.15
11/2/2024,Keyboard,Accessories,East,7,7252,1357.27
12/5/2024,Smartwatch,Electronics,West,6,732,136.59
6/27/2023,Smartphone,Electronics,West,1,173,20.96
3/18/2023,Camera,Electronics,North,3,2805,749.5
9/18/2023,Smartphone,Electronics,West,8,7048,391.96
8/16/2024,Mouse,Accessories,East,6,4698,1020.11
1/17/2024,Smartwatch,Electronics,South,1,565,148.79
6/17/2023,Monitor,Accessories,North,1,672,198.75
7/24/2022,Camera,Electronics,South,6,2604,566.34
5/31/2024,Tablet,Electronics,West,6,5124,501.5
8/14/2022,Smartwatch,Electronics,West,5,2455,714.35
3/1/2022,Printer,Office,North,2,1796,225.15
1/25/2022,Laptop,Electronics,South,1,288,61.85
7/23/2023,Laptop,Electronics,North,5,2160,553.41
3/10/2022,Tablet,Electronics,West,1,105,27.36
5/5/2023,Monitor,Accessories,South,9,7578,1596.64
3/10/2023,Headphones,Accessories,South,1,365,50.1
4/23/2024,Camera,Electronics,West,8,3752,537.98
8/21/2024,Keyboard,Accessories,North,2,1384,316.21
2/21/2023,Smartphone,Electronics,West,5,475,76.22
1/9/2023,Printer,Office,West,4,1116,242.31
8/24/2023,Smartphone,Electronics,West,1,137,39.35
1/12/2022,Headphones,Accessories,South,6,738,158.96
10/9/2023,Camera,Electronics,West,3,1821,543.01
4/22/2022,Keyboard,Accessories,West,7,3654,670.16
7/14/2024,Keyboard,Accessories,East,6,2592,404.89
4/25/2022,Camera,Electronics,East,6,996,225.75
7/10/2024,Mouse,Accessories,North,1,693,62.75
10/24/2023,Keyboard,Accessories,East,3,513,48.23
5/17/2024,Smartwatch,Electronics,East,8,5736,937.62
4/6/2023,Mouse,Accessories,East,2,1458,208.93
12/3/2022,Smartphone,Electronics,East,8,5496,1104.93
1/7/2022,Tablet,Electronics,North,3,3183,358.87
7/27/2023,Headphones,Accessories,East,6,3990,975.5
2/5/2024,Smartphone,Electronics,West,2,582,76.45
5/3/2022,Printer,Office,South,5,3340,845.53
8/30/2023,Monitor,Accessories,West,1,890,59.1
9/22/2024,Printer,Office,East,6,4890,689.01
10/19/2023,Keyboard,Accessories,East,3,2625,349.61
9/14/2022,Smartwatch,Electronics,North,4,1440,200.09
12/26/2024,Headphones,Accessories,North,5,505,93.85
1/28/2022,Laptop,Electronics,North,8,8192,1822.87
8/9/2023,Keyboard,Accessories,East,3,1920,144.3
10/18/2022,Smartwatch,Electronics,West,8,8768,1065.8
10/12/2022,Mouse,Accessories,North,1,1140,117.05
1/23/2023,Laptop,Electronics,North,4,952,264.61
5/2/2024,Smartphone,Electronics,North,1,225,51.07
8/1/2022,Printer,Office,South,4,1304,336.95
6/25/2023,Camera,Electronics,East,3,1029,206.83
2/29/2024,Printer,Office,South,3,3402,442.67
5/24/2022,Laptop,Electronics,North,9,8460,1201.94
3/7/2024,Monitor,Accessories,North,1,104,26.86
12/18/2023,Monitor,Accessories,West,9,10665,1595.08
8/12/2023,Smartwatch,Electronics,East,8,984,183.07
9/18/2024,Smartphone,Electronics,North,4,2064,359.3
3/8/2022,Laptop,Electronics,North,2,594,172.47
10/25/2023,Printer,Office,South,8,6016,898.33
8/22/2024,Smartphone,Electronics,North,8,2864,195.16
7/17/2024,Tablet,Electronics,North,4,724,186.95
2/11/2024,Mouse,Accessories,East,6,4098,1174.46
6/12/2023,Monitor,Accessories,North,1,338,32.61
3/9/2024,Printer,Office,West,8,9280,1596.88
4/16/2022,Smartwatch,Electronics,East,1,890,57.04
4/26/2023,Tablet,Electronics,South,2,1790,442.75
10/1/2023,Tablet,Electronics,North,9,8523,978.97
2/21/2023,Headphones,Accessories,West,9,7776,677.74
3/20/2024,Mouse,Accessories,North,7,3031,417.5
10/2/2022,Camera,Electronics,South,9,4698,1262.47
6/13/2023,Keyboard,Accessories,West,9,4851,1408.41
1/22/2023,Camera,Electronics,East,6,4542,1169.16
9/21/2022,Headphones,Accessories,North,2,978,210.75
1/4/2022,Mouse,Accessories,South,9,9378,1740.97
8/6/2023,Smartwatch,Electronics,North,8,9464,2043.73
11/8/2024,Printer,Office,West,8,1720,401.26
7/11/2022,Keyboard,Accessories,West,8,4752,1124.22
10/23/2023,Keyboard,Accessories,South,4,584,127.28
7/28/2024,Camera,Electronics,North,9,4554,1031.09
7/23/2022,Tablet,Electronics,South,2,2392,483.39
11/20/2023,Camera,Electronics,South,7,3962,916.13
5/21/2023,Laptop,Electronics,North,3,1308,141.04
9/15/2023,Printer,Office,South,8,5912,1153.18
5/10/2023,Camera,Electronics,South,7,5831,1416.31
12/11/2022,Camera,Electronics,West,7,5572,690.68
8/11/2023,Monitor,Accessories,North,6,5214,1093.04
6/18/2022,Mouse,Accessories,East,9,6705,1283.78
1/28/2023,Headphones,Accessories,North,1,426,93.83
11/6/2024,Smartphone,Electronics,West,2,2204,523.82
8/25/2022,Smartphone,Electronics,North,3,2652,161.67
7/7/2023,Printer,Office,South,6,3132,919.52
6/4/2024,Printer,Office,West,5,1830,437.35
1/27/2024,Laptop,Electronics,East,9,2763,676.25
9/17/2022,Monitor,Accessories,North,8,9056,2281.97
3/10/2022,Camera,Electronics,North,7,5439,1416.62
8/1/2022,Camera,Electronics,South,6,828,47.91
10/1/2024,Smartwatch,Electronics,East,5,1910,463.07
2/19/2023,Tablet,Electronics,North,2,1874,333.86
8/2/2023,Mouse,Accessories,East,1,1032,291.41
6/26/2023,Keyboard,Accessories,East,3,3264,556.86
11/26/2022,Smartphone,Electronics,West,1,877,110.99
5/23/2022,Camera,Electronics,North,3,924,183.18
4/26/2023,Camera,Electronics,West,3,417,114.42
2/21/2024,Laptop,Electronics,West,5,2670,155.89
6/18/2024,Keyboard,Accessories,South,7,2716,512.09
5/18/2023,Headphones,Accessories,West,9,10134,1334.37
1/19/2022,Monitor,Accessories,North,5,5500,1230.98
12/7/2024,Tablet,Electronics,East,6,6228,1756.82
6/16/2024,Laptop,Electronics,West,7,1092,274.77
6/24/2023,Monitor,Accessories,West,5,3255,332.54
6/28/2022,Tablet,Electronics,West,5,5645,1320.86
3/20/2024,Smartphone,Electronics,North,9,7578,466.87
4/21/2023,Keyboard,Accessories,South,9,6282,1594.61
12/29/2024,Laptop,Electronics,South,6,2364,639.29
12/12/2023,Keyboard,Accessories,North,8,6880,1570.91
10/30/2022,Smartphone,Electronics,East,6,3288,249.02
2/1/2024,Monitor,Accessories,East,6,5292,659.58
11/6/2023,Printer,Office,North,3,3522,883.41
10/8/2022,Smartwatch,Electronics,West,2,1518,87.6
6/17/2023,Tablet,Electronics,North,7,2457,690.55
1/9/2024,Headphones,Accessories,West,1,309,62.08
1/24/2022,Monitor,Accessories,North,6,6192,717.46
6/4/2022,Camera,Electronics,East,5,4235,747.96
8/13/2022,Smartwatch,Electronics,North,9,7128,457.11
7/23/2024,Tablet,Electronics,North,5,5660,641.69
5/23/2024,Smartphone,Electronics,South,1,787,120.38
11/13/2022,Mouse,Accessories,West,3,375,107.26
8/19/2023,Camera,Electronics,South,4,296,44.79
1/1/2022,Keyboard,Accessories,East,6,6372,570.75
6/16/2024,Mouse,Accessories,West,6,2214,322.73
9/16/2024,Headphones,Accessories,South,6,2640,734.44
11/8/2023,Camera,Electronics,South,7,2240,580.47
5/6/2023,Smartwatch,Electronics,East,7,6258,1347.74
1/2/2024,Printer,Office,West,8,3816,574.57
5/15/2022,Smartwatch,Electronics,South,2,390,115.48
7/1/2024,Tablet,Electronics,South,7,630,83.28
9/1/2022,Smartphone,Electronics,South,4,3868,819.26
6/27/2023,Monitor,Accessories,North,1,777,211.31
5/28/2024,Monitor,Accessories,North,3,1347,196.59
5/17/2023,Laptop,Electronics,East,9,7272,500.32
9/28/2024,Printer,Office,North,6,5724,857.33
5/7/2022,Headphones,Accessories,West,3,312,74.8
5/18/2023,Laptop,Electronics,East,3,1947,239.63
10/9/2023,Tablet,Electronics,North,6,1128,207.97
3/5/2023,Laptop,Electronics,East,9,4158,672.32
7/4/2024,Keyboard,Accessories,East,6,2670,782.28
5/31/2024,Headphones,Accessories,East,1,85,17.71
12/10/2023,Mouse,Accessories,East,8,4136,1056.54
5/7/2022,Tablet,Electronics,North,6,4332,348.61
7/1/2024,Monitor,Accessories,North,8,1600,305.3
10/28/2023,Tablet,Electronics,East,7,5075,471.21
7/27/2022,Tablet,Electronics,South,6,4152,1065.46
5/13/2022,Printer,Office,East,7,5635,1665.01
9/16/2022,Smartwatch,Electronics,East,3,3108,220.97
10/24/2022,Smartwatch,Electronics,South,7,4270,1197.44
2/15/2023,Monitor,Accessories,West,5,1350,321.9
3/7/2024,Keyboard,Accessories,East,3,330,81.86
7/13/2022,Camera,Electronics,South,6,4260,504.82
7/31/2022,Headphones,Accessories,North,3,2712,751.52
3/26/2024,Smartphone,Electronics,West,1,328,46.23
8/13/2023,Smartphone,Electronics,West,8,7776,498.6
5/8/2022,Laptop,Electronics,East,4,2896,522.82
5/7/2023,Tablet,Electronics,North,2,1902,388.83
1/29/2022,Smartwatch,Electronics,North,7,3255,814.85
3/2/2022,Keyboard,Accessories,North,3,633,162.4
4/11/2023,Tablet,Electronics,East,7,6209,402.78
5/9/2023,Smartwatch,Electronics,East,9,4698,1167.9
7/11/2024,Smartphone,Electronics,West,8,7424,1878.07
1/26/2022,Printer,Office,East,1,498,58.3
8/30/2023,Headphones,Accessories,East,1,111,27.91
8/18/2023,Laptop,Electronics,North,8,7520,1201.4
5/31/2023,Camera,Electronics,South,1,182,30.97
2/18/2022,Mouse,Accessories,West,5,5890,309
7/17/2024,Laptop,Electronics,South,4,3244,357.55
4/26/2024,Smartphone,Electronics,South,7,5229,1058.26
10/19/2022,Smartwatch,Electronics,North,9,5202,1271.47
3/15/2022,Keyboard,Accessories,West,3,438,67.43
2/14/2023,Keyboard,Accessories,East,6,6900,1109.73
9/11/2022,Tablet,Electronics,East,3,369,36.07
1/17/2024,Laptop,Electronics,West,4,4140,1229.85
4/13/2024,Printer,Office,South,3,1086,188.65
3/3/2023,Mouse,Accessories,South,2,2134,269.53
6/16/2022,Laptop,Electronics,North,6,5310,637.81
8/20/2023,Headphones,Accessories,East,6,2748,682.8
9/18/2024,Printer,Office,South,9,3357,405.61
1/28/2023,Smartwatch,Electronics,West,9,10206,592.77
10/20/2024,Smartphone,Electronics,South,6,2970,425.9
5/18/2022,Mouse,Accessories,West,4,1208,351.47
6/19/2024,Smartwatch,Electronics,South,3,945,135.59
7/6/2022,Monitor,Accessories,East,8,7040,996.02
11/22/2023,Smartphone,Electronics,West,4,3684,1009.1
2/23/2024,Headphones,Accessories,East,2,1262,190.02
6/24/2022,Mouse,Accessories,South,3,3504,807.65
12/15/2022,Printer,Office,East,6,4464,1122.37
4/2/2024,Laptop,Electronics,East,4,1324,227.2
7/17/2023,Camera,Electronics,East,6,4140,451.27
4/3/2024,Mouse,Accessories,West,8,2384,120.28
5/2/2022,Laptop,Electronics,West,8,4624,1313.36
12/13/2023,Smartwatch,Electronics,West,6,4812,662.54
1/18/2022,Tablet,Electronics,North,6,5640,856.44
9/23/2022,Smartwatch,Electronics,West,5,1840,307.09
11/1/2024,Keyboard,Accessories,North,7,8071,435.51
10/25/2022,Keyboard,Accessories,North,3,2400,297.07
7/1/2023,Smartwatch,Electronics,East,6,3570,265.62
3/27/2022,Laptop,Electronics,East,3,1758,245.92
8/6/2023,Monitor,Accessories,North,4,3072,394.2
8/16/2023,Mouse,Accessories,South,5,2185,136.1
2/3/2023,Smartphone,Electronics,North,8,7664,1251.65
3/13/2024,Headphones,Accessories,West,5,1710,338.1
8/17/2024,Printer,Office,South,2,1878,386.28
7/22/2023,Tablet,Electronics,South,1,569,141.33
4/5/2023,Smartwatch,Electronics,West,3,1488,296.36
4/20/2024,Mouse,Accessories,West,9,9918,1956.17
12/19/2022,Smartwatch,Electronics,South,3,432,36.84
9/18/2023,Tablet,Electronics,East,9,9828,1300.68
12/28/2024,Smartwatch,Electronics,North,5,3625,245.52
5/17/2022,Smartwatch,Electronics,South,3,2187,491.13
10/24/2023,Monitor,Accessories,South,5,5105,1003.4
12/9/2022,Headphones,Accessories,South,3,1392,345.78
11/7/2022,Smartphone,Electronics,North,2,744,110.81
6/5/2023,Smartwatch,Electronics,South,4,1724,233.21
10/26/2023,Mouse,Accessories,West,5,1940,423.17
7/28/2023,Mouse,Accessories,South,4,356,59.15
5/26/2023,Monitor,Accessories,West,5,1095,269.87
12/7/2022,Tablet,Electronics,North,8,4064,543.9
11/20/2024,Smartwatch,Electronics,West,7,5453,1592.37
3/31/2024,Monitor,Accessories,South,8,7104,529.35
4/17/2024,Keyboard,Accessories,East,9,2745,660.56
5/6/2024,Camera,Electronics,North,5,1030,64.81
2/25/2023,Tablet,Electronics,North,9,8973,471.86
12/14/2022,Keyboard,Accessories,North,2,794,128.5
12/20/2023,Printer,Office,South,6,2142,476.19
10/13/2023,Headphones,Accessories,East,2,414,51.1
6/14/2023,Tablet,Electronics,North,3,1416,220.7
4/2/2022,Tablet,Electronics,South,3,2103,541.35
6/20/2024,Camera,Electronics,West,3,861,173.49
5/19/2024,Headphones,Accessories,West,3,2367,222.26
1/16/2023,Tablet,Electronics,South,5,2435,688.82
5/7/2023,Printer,Office,South,4,2456,163.61
7/1/2023,Laptop,Electronics,East,4,3216,962.49
7/25/2024,Smartwatch,Electronics,East,4,4324,833.11
9/27/2023,Mouse,Accessories,South,4,2628,727.87
8/12/2023,Keyboard,Accessories,West,8,8992,2018.64
7/24/2024,Laptop,Electronics,West,6,360,22.16
7/26/2022,Tablet,Electronics,South,3,2067,479.39
12/3/2024,Mouse,Accessories,South,9,3573,550.44
8/15/2023,Laptop,Electronics,South,8,1800,142.86
11/28/2023,Printer,Office,South,8,3912,334.1
8/3/2022,Headphones,Accessories,North,8,5640,747.26
9/2/2022,Tablet,Electronics,South,1,552,115.74
4/25/2022,Mouse,Accessories,South,7,1428,289.65
1/12/2022,Printer,Office,West,1,349,42.05
10/30/2022,Tablet,Electronics,North,6,6402,1366.28
6/9/2023,Monitor,Accessories,East,9,657,185.95
1/13/2023,Mouse,Accessories,West,7,5327,950.7
1/27/2024,Keyboard,Accessories,North,4,4196,1152.45
11/4/2023,Laptop,Electronics,East,4,2892,863.47
8/7/2024,Laptop,Electronics,West,9,2772,432.77
7/13/2024,Smartwatch,Electronics,North,6,4692,1044.97
12/7/2022,Mouse,Accessories,East,6,2742,334.48
1/16/2023,Smartphone,Electronics,North,8,8896,1154.96
11/21/2022,Mouse,Accessories,North,2,2344,385.19
1/26/2022,Headphones,Accessories,South,7,4186,655.53
11/14/2024,Tablet,Electronics,East,9,5238,1152.42
10/20/2022,Mouse,Accessories,North,3,2982,452.22
5/14/2024,Smartwatch,Electronics,West,4,2580,602.5
1/17/2024,Keyboard,Accessories,West,5,2675,671.6
7/30/2024,Printer,Office,East,4,2396,608.5
9/30/2024,Laptop,Electronics,West,5,1600,242.25
9/9/2023,Smartwatch,Electronics,North,4,304,34.73
5/24/2024,Keyboard,Accessories,East,9,2070,457.39
9/12/2022,Printer,Office,North,5,1230,158.23
5/29/2023,Camera,Electronics,South,6,6234,758.78
1/27/2024,Headphones,Accessories,South,2,396,46.33
8/17/2023,Mouse,Accessories,East,9,2349,244.18
7/15/2023,Headphones,Accessories,North,9,5949,626.92
1/15/2022,Printer,Office,East,7,5957,1433.85
12/4/2024,Headphones,Accessories,East,3,1989,299.79
11/19/2024,Mouse,Accessories,South,1,1138,243.36
4/15/2022,Tablet,Electronics,West,9,3321,689.64
10/3/2023,Camera,Electronics,South,4,4480,592.82
2/14/2023,Smartwatch,Electronics,East,3,1533,440.88
2/10/2024,Mouse,Accessories,East,1,109,10.35
4/7/2024,Smartphone,Electronics,South,4,2380,594.86
8/22/2022,Printer,Office,South,8,2592,432.37
12/8/2023,Laptop,Electronics,East,6,5112,1289.47
4/2/2023,Smartwatch,Electronics,North,8,9392,1753.08
10/21/2024,Laptop,Electronics,West,2,2386,381.83
12/3/2024,Smartwatch,Electronics,South,5,465,71.23
4/19/2023,Smartphone,Electronics,West,2,604,102.52
10/2/2022,Smartwatch,Electronics,East,2,2216,650.27
6/6/2023,Mouse,Accessories,East,4,1168,220.22
1/26/2022,Monitor,Accessories,South,7,4088,230.43
2/24/2022,Keyboard,Accessories,West,7,2597,152.09
8/22/2023,Smartwatch,Electronics,West,3,2151,322.03
9/8/2024,Laptop,Electronics,East,6,462,71.22
10/23/2022,Mouse,Accessories,North,7,5957,1077.86
12/13/2023,Smartphone,Electronics,West,6,6978,2028.63
10/20/2024,Headphones,Accessories,South,1,282,72.5
12/5/2023,Camera,Electronics,East,1,157,27.65
7/14/2023,Monitor,Accessories,North,8,3304,404.33
2/13/2022,Headphones,Accessories,North,3,3051,201.26
6/16/2024,Mouse,Accessories,East,9,8082,1783.55
10/14/2024,Laptop,Electronics,West,3,510,110.38
4/20/2024,Tablet,Electronics,East,8,3976,1170.36
12/26/2023,Smartphone,Electronics,East,9,828,59.99
4/5/2023,Headphones,Accessories,West,7,2457,388.11
8/2/2023,Camera,Electronics,North,4,3924,298.07
11/30/2022,Headphones,Accessories,West,2,2018,227.75
9/8/2024,Monitor,Accessories,West,3,2043,479.9
6/7/2024,Printer,Office,West,5,1035,187.12
8/12/2023,Smartwatch,Electronics,North,6,2724,675.53
5/2/2023,Camera,Electronics,East,1,1120,127.32
10/26/2024,Monitor,Accessories,North,6,3438,631.95
9/27/2022,Smartwatch,Electronics,West,5,3170,379.27
6/25/2023,Smartwatch,Electronics,East,4,660,83.96
11/5/2022,Tablet,Electronics,East,7,4669,1088.15
8/12/2022,Smartwatch,Electronics,West,5,1045,89
2/27/2022,Keyboard,Accessories,North,4,2724,229.47
9/14/2023,Headphones,Accessories,West,8,5312,1583
11/23/2024,Tablet,Electronics,West,4,4252,445.18
10/9/2024,Printer,Office,East,7,8057,1652.27
6/20/2023,Keyboard,Accessories,South,7,2023,274.25
3/16/2024,Monitor,Accessories,South,8,9416,2125.54
11/27/2023,Monitor,Accessories,East,8,7560,494.34
1/8/2023,Monitor,Accessories,West,2,828,50.07
12/7/2023,Mouse,Accessories,West,1,527,27.45
9/11/2022,Keyboard,Accessories,North,2,1160,206.49
3/29/2022,Mouse,Accessories,West,5,5430,310.86
1/15/2024,Tablet,Electronics,South,7,6874,454.53
7/12/2023,Printer,Office,East,8,8952,1825.37
6/6/2022,Mouse,Accessories,East,8,416,67.81
11/18/2023,Smartphone,Electronics,South,3,1680,140.27
8/27/2022,Mouse,Accessories,South,7,4340,383.9
1/16/2022,Laptop,Electronics,West,9,7650,2130.82
4/3/2024,Smartwatch,Electronics,West,8,6328,412.76
8/19/2022,Keyboard,Accessories,West,2,1312,344
1/21/2022,Camera,Electronics,East,9,8055,2300.17
3/19/2022,Camera,Electronics,South,2,840,153.61
3/16/2023,Tablet,Electronics,South,9,9423,2794.89
12/30/2023,Monitor,Accessories,North,8,6520,1113.12
10/20/2022,Laptop,Electronics,North,3,1950,116.12
10/16/2023,Camera,Electronics,South,6,5928,1177.2
7/29/2023,Camera,Electronics,South,7,4809,1418.72
6/4/2023,Smartphone,Electronics,West,4,356,23.4
4/28/2023,Laptop,Electronics,South,2,570,94.39
5/13/2022,Monitor,Accessories,East,7,7791,907.96
5/10/2024,Smartwatch,Electronics,East,4,4168,494.48
8/21/2023,Tablet,Electronics,North,2,684,183.85
1/5/2024,Smartphone,Electronics,East,7,3857,447.99
9/7/2024,Camera,Electronics,North,5,3250,699.99
8/3/2023,Printer,Office,North,6,1194,79.62
5/7/2023,Laptop,Electronics,West,6,3486,320.91
8/5/2022,Monitor,Accessories,West,7,1554,370.97
7/19/2024,Smartwatch,Electronics,North,3,2601,463.36
11/15/2022,Headphones,Accessories,West,4,3616,745.75
2/1/2023,Mouse,Accessories,West,5,3350,986.33
12/20/2023,Smartwatch,Electronics,South,5,2545,588.47
8/26/2024,Monitor,Accessories,East,1,545,68.28
12/19/2023,Mouse,Accessories,North,7,1470,178.85
11/30/2023,Camera,Electronics,South,3,3126,870.95
12/27/2024,Laptop,Electronics,West,3,1368,302.29
12/21/2024,Headphones,Accessories,East,9,7083,1353.39
1/28/2024,Printer,Office,East,2,1994,453.74
9/3/2022,Camera,Electronics,North,4,4716,1084.16
2/29/2024,Monitor,Accessories,South,1,975,125.85
4/21/2023,Smartphone,Electronics,West,9,9891,1774.03
5/24/2024,Smartwatch,Electronics,South,2,626,159.49
5/19/2024,Monitor,Accessories,East,8,5632,1620.04
9/10/2024,Printer,Office,West,3,2568,734.6
9/12/2023,Tablet,Electronics,East,7,5285,629.07
11/8/2023,Camera,Electronics,East,2,516,122.77
5/31/2022,Monitor,Accessories,East,3,2139,503.08
1/5/2023,Laptop,Electronics,East,9,8136,1923.89
10/25/2024,Laptop,Electronics,West,5,2130,318.99
4/1/2024,Headphones,Accessories,South,5,3445,202.15
12/16/2024,Tablet,Electronics,East,8,5376,429.84
8/5/2023,Printer,Office,West,6,3006,730.14
12/31/2022,Headphones,Accessories,North,7,3941,1113.85
3/10/2023,Monitor,Accessories,North,5,3350,389.95
5/5/2024,Printer,Office,South,3,2019,265.44
6/9/2022,Headphones,Accessories,North,8,2416,403.38
5/13/2022,Monitor,Accessories,West,8,6160,684.71
4/7/2022,Printer,Office,East,4,2796,682.65
12/19/2024,Smartwatch,Electronics,South,7,7700,1573.41
6/17/2024,Smartwatch,Electronics,West,5,2095,193.93
9/25/2024,Camera,Electronics,North,5,5990,1548.62
12/27/2024,Smartwatch,Electronics,North,2,1206,307.02
3/15/2024,Smartwatch,Electronics,South,5,1330,285.78
7/25/2022,Camera,Electronics,West,6,2706,766.68
1/14/2023,Laptop,Electronics,East,3,426,50.8
11/13/2024,Tablet,Electronics,West,1,414,50.26
6/29/2024,Laptop,Electronics,East,5,5465,546.33
5/22/2024,Tablet,Electronics,South,3,726,71.06
4/30/2022,Smartwatch,Electronics,East,1,1001,225.75
2/16/2022,Mouse,Accessories,West,9,7362,1866.65
5/14/2022,Keyboard,Accessories,East,4,2284,576.59
12/17/2022,Tablet,Electronics,East,4,2940,566.36
5/16/2023,Printer,Office,South,4,3068,868.89
8/7/2024,Smartphone,Electronics,North,3,3477,862.21
8/4/2024,Smartwatch,Electronics,West,9,4014,204.48
8/7/2024,Monitor,Accessories,North,8,7200,804.53
4/3/2024,Smartwatch,Electronics,West,3,735,134.53
1/31/2023,Monitor,Accessories,East,3,2964,446.54
3/25/2022,Camera,Electronics,West,9,3699,276.07
5/14/2022,Printer,Office,West,3,1563,221.62
7/13/2023,Mouse,Accessories,South,2,124,32.27
7/3/2023,Mouse,Accessories,North,2,416,71.68
3/7/2023,Camera,Electronics,South,8,2624,294.24
11/4/2024,Headphones,Accessories,East,4,1636,134.85
12/24/2023,Headphones,Accessories,East,8,8200,1978.93
3/10/2022,Mouse,Accessories,East,5,5615,715.58
9/30/2022,Printer,Office,East,5,3085,413.52
12/7/2024,Keyboard,Accessories,South,6,3198,913.76
2/13/2022,Camera,Electronics,West,4,1848,374.66
4/11/2023,Smartwatch,Electronics,North,4,652,116.06
11/22/2022,Mouse,Accessories,South,6,2940,609.99
5/29/2022,Headphones,Accessories,East,4,3912,454.89
10/9/2022,Tablet,Electronics,South,8,9392,891.07
10/21/2022,Monitor,Accessories,West,1,312,43.01
11/24/2023,Laptop,Electronics,East,9,7731,1459.74
6/23/2023,Tablet,Electronics,West,1,1081,229.32
8/16/2023,Smartphone,Electronics,West,6,1926,393.01
7/26/2022,Monitor,Accessories,East,3,936,88.51
12/29/2024,Laptop,Electronics,South,9,8550,1970.98
8/24/2023,Monitor,Accessories,North,4,2468,457.51
9/4/2023,Tablet,Electronics,West,3,801,90.34
1/3/2023,Laptop,Electronics,East,9,2655,701.11
11/30/2023,Smartwatch,Electronics,West,8,3928,700.38
7/11/2024,Monitor,Accessories,East,8,6488,1438.34
2/3/2024,Headphones,Accessories,West,9,7695,1749.26
7/19/2023,Headphones,Accessories,West,2,1856,468.19
4/14/2022,Smartwatch,Electronics,North,7,1519,403.63
1/19/2024,Tablet,Electronics,West,3,3549,996.05
9/12/2024,Laptop,Electronics,East,3,1656,378.84
8/24/2024,Keyboard,Accessories,North,7,812,175.55
12/25/2022,Mouse,Accessories,North,5,3730,864.41
12/24/2023,Monitor,Accessories,South,1,1161,210.87
5/18/2022,Headphones,Accessories,North,3,2256,282.52
9/28/2024,Monitor,Accessories,East,1,359,78.17
3/23/2024,Headphones,Accessories,East,2,130,11.1
9/26/2022,Mouse,Accessories,South,8,4248,831.54
10/4/2024,Camera,Electronics,South,5,1825,221.47
9/25/2024,Keyboard,Accessories,East,2,876,224.01
1/3/2023,Camera,Electronics,North,9,9180,2752.84
3/26/2024,Monitor,Accessories,West,5,1765,160.89
10/6/2022,Monitor,Accessories,South,2,1504,164.51
6/30/2022,Keyboard,Accessories,South,9,1881,430.78
1/16/2022,Keyboard,Accessories,East,9,7425,1533.72
10/16/2022,Tablet,Electronics,East,9,720,192.83
5/7/2024,Smartphone,Electronics,West,5,2985,698.22
1/4/2022,Laptop,Electronics,North,9,711,200.11
8/13/2024,Printer,Office,South,6,6276,1396.25
1/13/2023,Mouse,Accessories,East,7,7966,955.8
3/14/2023,Headphones,Accessories,East,8,4200,854.89
5/17/2024,Laptop,Electronics,East,7,455,80
10/15/2024,Keyboard,Accessories,South,8,5040,465.36
9/11/2023,Mouse,Accessories,East,1,856,87.69
7/20/2023,Monitor,Accessories,West,5,5230,385.77
3/19/2022,Laptop,Electronics,South,5,4635,769.03
12/7/2024,Laptop,Electronics,East,6,5508,360.28
6/6/2023,Smartphone,Electronics,North,1,258,27.01
7/13/2023,Smartphone,Electronics,East,1,677,88.41
7/10/2023,Monitor,Accessories,West,5,4545,755.05
9/9/2024,Smartphone,Electronics,South,5,4370,1255.36
1/6/2023,Keyboard,Accessories,East,3,372,57.51
9/5/2024,Camera,Electronics,West,9,3177,629.96
4/19/2023,Printer,Office,South,7,1659,127.48
4/20/2023,Tablet,Electronics,South,3,3360,759.31
3/2/2023,Smartphone,Electronics,West,2,1132,290.56
10/5/2024,Smartwatch,Electronics,East,5,1815,468.62
11/11/2023,Mouse,Accessories,North,1,459,125.19
11/15/2023,Smartphone,Electronics,West,1,1128,73.74
10/30/2024,Monitor,Accessories,East,6,1170,104.63
8/1/2022,Smartwatch,Electronics,North,5,4420,380.69
2/29/2024,Smartphone,Electronics,West,6,456,69.15
2/25/2024,Tablet,Electronics,North,2,1458,154.79
6/24/2024,Monitor,Accessories,West,7,2989,197.58
12/20/2024,Camera,Electronics,North,4,3424,845.68
10/14/2024,Mouse,Accessories,West,2,1226,124.25
11/16/2024,Laptop,Electronics,North,8,6760,1097.63
9/25/2023,Smartphone,Electronics,West,1,111,13.61
6/9/2023,Printer,Office,North,5,3275,222.29
9/8/2024,Headphones,Accessories,North,3,2508,498.69
9/1/2024,Keyboard,Accessories,South,8,904,202.35
9/5/2024,Printer,Office,West,3,1506,427.84
10/23/2022,Smartphone,Electronics,South,3,987,97.01
1/29/2022,Smartphone,Electronics,East,7,2968,728.94
3/17/2022,Mouse,Accessories,South,5,4200,746.86
1/16/2024,Smartwatch,Electronics,North,5,1645,313.66
11/25/2024,Printer,Office,East,3,3282,492.59
2/13/2022,Headphones,Accessories,East,9,4914,1160.45
3/30/2023,Laptop,Electronics,North,6,3924,762.96
9/12/2023,Headphones,Accessories,South,6,420,65.62
6/28/2024,Printer,Office,West,4,1544,106.02
8/29/2022,Headphones,Accessories,East,2,2046,233.47
11/22/2023,Headphones,Accessories,West,2,1548,157.48
5/10/2023,Keyboard,Accessories,North,4,3184,478.27
10/17/2024,Printer,Office,South,5,3385,774.86
10/11/2023,Monitor,Accessories,North,1,59,10.32
5/18/2024,Monitor,Accessories,South,8,5976,1016.99
1/30/2023,Mouse,Accessories,West,3,1791,122.5
1/13/2023,Smartwatch,Electronics,West,2,1644,189.32
5/17/2024,Tablet,Electronics,West,8,6584,544.62
8/3/2022,Headphones,Accessories,East,5,1620,325.87
2/6/2024,Mouse,Accessories,West,9,2736,407.22
4/11/2024,Monitor,Accessories,South,4,1064,274.47
6/18/2024,Camera,Electronics,South,7,2667,363.5
4/3/2023,Headphones,Accessories,South,3,735,217.79
12/18/2024,Laptop,Electronics,East,1,58,11.25
4/25/2023,Camera,Electronics,South,7,3136,850.3
9/17/2023,Mouse,Accessories,East,4,3936,374.34
11/23/2022,Smartphone,Electronics,East,9,6102,947.91
5/17/2024,Smartphone,Electronics,North,8,9408,552.44
12/14/2022,Mouse,Accessories,South,9,7875,1243.56
10/13/2024,Keyboard,Accessories,North,9,9900,576.8
10/16/2024,Keyboard,Accessories,North,2,430,114.91
9/18/2023,Mouse,Accessories,South,3,813,238.1
12/9/2023,Camera,Electronics,South,4,4176,980.11
10/2/2023,Camera,Electronics,South,4,3084,348.38
3/31/2022,Mouse,Accessories,West,7,8008,1593.65
6/12/2024,Smartwatch,Electronics,South,4,4608,963.5
6/16/2024,Headphones,Accessories,West,4,4356,614.62
9/4/2023,Printer,Office,South,1,566,169.17
12/2/2022,Laptop,Electronics,East,7,945,75.21
11/12/2022,Smartwatch,Electronics,North,4,2200,484.33
12/30/2024,Mouse,Accessories,North,1,746,131.25
12/6/2024,Monitor,Accessories,East,5,3505,678.18
5/26/2024,Monitor,Accessories,East,5,4795,819.12
10/20/2024,Monitor,Accessories,North,5,4590,650.05
5/4/2023,Monitor,Accessories,North,4,2092,467.02
5/9/2024,Mouse,Accessories,South,8,3568,334.13
12/7/2023,Smartphone,Electronics,West,9,10404,2028.21
12/10/2022,Printer,Office,South,9,7029,1005.58
11/21/2022,Laptop,Electronics,West,8,664,126.6
11/20/2024,Tablet,Electronics,West,3,1923,274
11/30/2022,Printer,Office,West,7,2471,566.51
1/3/2024,Smartphone,Electronics,North,2,258,64.12
10/29/2024,Smartwatch,Electronics,East,9,1134,267.26
9/24/2024,Headphones,Accessories,East,5,855,238.83
4/9/2024,Smartwatch,Electronics,West,9,3231,670.85
9/5/2024,Tablet,Electronics,South,7,3591,266.59
2/3/2024,Camera,Electronics,East,2,254,20.48
3/17/2023,Smartphone,Electronics,South,5,5930,1193.32
7/15/2024,Headphones,Accessories,West,2,1344,297.99
3/20/2023,Laptop,Electronics,East,1,920,98.31
8/28/2022,Printer,Office,North,9,5454,385.51
12/1/2022,Laptop,Electronics,West,8,9512,663.23
1/21/2023,Mouse,Accessories,North,4,2972,827.46
5/23/2024,Smartwatch,Electronics,West,3,3360,465.02
10/24/2022,Tablet,Electronics,West,4,1004,240.13
12/25/2024,Headphones,Accessories,West,2,1944,332.55
9/18/2023,Monitor,Accessories,East,5,5055,1200.09
7/18/2022,Smartwatch,Electronics,West,2,128,8.33
3/9/2024,Smartphone,Electronics,East,3,633,163.03
12/14/2022,Printer,Office,South,3,2523,506.7
11/6/2023,Printer,Office,West,1,196,39.6
2/11/2022,Printer,Office,East,9,4212,552.96
3/28/2024,Monitor,Accessories,North,1,63,17.29
7/2/2023,Mouse,Accessories,South,8,2752,394.66
11/11/2024,Mouse,Accessories,West,3,1989,419.61
3/9/2024,Laptop,Electronics,East,8,8032,466.19
1/21/2022,Tablet,Electronics,South,6,3702,407.34
10/17/2022,Smartwatch,Electronics,East,8,456,90.24
2/10/2023,Camera,Electronics,West,7,5355,1143.16
3/4/2024,Camera,Electronics,West,1,972,261.91
1/8/2022,Headphones,Accessories,South,5,3290,797.82
11/24/2022,Laptop,Electronics,East,1,735,139.31
10/24/2024,Tablet,Electronics,North,3,3336,798.26
10/3/2022,Keyboard,Accessories,West,3,2082,346.53
7/18/2024,Keyboard,Accessories,East,2,1340,129.89
3/13/2022,Laptop,Electronics,East,5,1160,227.13
9/21/2024,Monitor,Accessories,East,4,1272,299.84
1/14/2022,Printer,Office,West,3,2817,588.47
3/5/2024,Monitor,Accessories,East,3,1464,264.67
2/13/2023,Headphones,Accessories,West,1,307,60.51
10/1/2022,Tablet,Electronics,West,6,5706,1306.92
5/25/2024,Headphones,Accessories,North,1,1112,100.47
7/15/2023,Keyboard,Accessories,West,1,1147,133.48
2/11/2023,Laptop,Electronics,North,2,330,66.57
7/12/2023,Monitor,Accessories,North,4,2176,250.89
3/19/2022,Headphones,Accessories,South,7,7616,1317.79
7/16/2024,Printer,Office,North,1,1091,258.3
4/3/2024,Tablet,Electronics,East,2,1026,279.76
11/17/2024,Tablet,Electronics,West,2,210,42.04
9/17/2022,Printer,Office,North,2,180,10.78
9/12/2024,Tablet,Electronics,North,4,380,72.88
8/13/2023,Monitor,Accessories,West,8,7664,1580.55
10/22/2022,Smartphone,Electronics,East,8,6056,1029.9
1/28/2022,Mouse,Accessories,North,6,606,104.52
3/30/2024,Monitor,Accessories,North,3,750,193.86
12/11/2024,Printer,Office,East,2,1218,218.88
3/26/2023,Laptop,Electronics,West,2,2162,355.45
3/13/2023,Headphones,Accessories,East,9,2223,347.01
9/19/2023,Smartphone,Electronics,West,7,4452,920.05
2/8/2022,Printer,Office,West,1,184,50.19
4/5/2022,Headphones,Accessories,North,3,288,77.38
1/24/2024,Camera,Electronics,West,2,834,150.12
8/20/2023,Keyboard,Accessories,East,5,4025,923.17
9/8/2023,Headphones,Accessories,West,7,4732,1084.28
5/19/2022,Headphones,Accessories,West,5,4025,407.72
7/15/2023,Printer,Office,South,8,2416,500.93
3/16/2024,Tablet,Electronics,North,7,1897,524.69
4/16/2022,Mouse,Accessories,East,4,840,190.13
1/2/2022,Mouse,Accessories,North,8,6600,360.45
10/20/2022,Laptop,Electronics,West,2,2362,342.27
2/4/2024,Headphones,Accessories,South,6,2958,577.27
3/22/2024,Tablet,Electronics,East,1,477,56.49
6/4/2022,Keyboard,Accessories,North,3,942,84.8
1/21/2023,Camera,Electronics,East,2,2084,586.72
8/16/2023,Tablet,Electronics,West,6,4584,473.37
5/28/2022,Printer,Office,East,1,1118,319.28
4/30/2024,Mouse,Accessories,North,9,4005,652.15
3/4/2024,Smartwatch,Electronics,East,5,4610,1293.37
10/14/2024,Keyboard,Accessories,South,1,551,86.84
8/5/2022,Printer,Office,West,1,75,19.29
12/19/2023,Mouse,Accessories,South,6,6576,1899.67
3/26/2023,Printer,Office,North,6,6432,1410.52
8/8/2022,Headphones,Accessories,South,7,7763,1444.27
3/2/2024,Monitor,Accessories,East,7,2240,622.29
12/4/2022,Headphones,Accessories,East,6,5298,1209.88
7/15/2023,Smartwatch,Electronics,North,2,116,32.27
2/2/2022,Tablet,Electronics,East,8,6728,1140.19
12/2/2022,Monitor,Accessories,North,5,490,55.59
1/26/2024,Monitor,Accessories,North,7,2765,699.86
4/21/2022,Smartphone,Electronics,West,8,2680,598.97
8/19/2023,Camera,Electronics,East,2,2174,335.37
4/11/2024,Monitor,Accessories,North,9,5562,1258.12
9/27/2022,Smartphone,Electronics,East,8,9208,2595.33
8/31/2024,Smartphone,Electronics,West,4,4512,546.71
3/4/2024,Camera,Electronics,West,9,7974,1965.96
4/30/2022,Monitor,Accessories,East,6,4944,1335.04
3/19/2022,Printer,Office,South,3,1611,234.84
7/5/2024,Smartwatch,Electronics,West,9,4599,618.89
3/21/2024,Laptop,Electronics,East,6,4380,419.3
10/20/2024,Headphones,Accessories,South,2,2376,580.26
1/3/2023,Monitor,Accessories,South,9,6588,1800.9
1/5/2022,Mouse,Accessories,East,5,3745,720.08
6/18/2022,Camera,Electronics,North,5,5305,1389.25
5/19/2023,Tablet,Electronics,North,8,1608,332.12
7/18/2024,Monitor,Accessories,East,9,4977,745.81
2/9/2022,Smartphone,Electronics,East,7,4529,273.97
4/15/2024,Camera,Electronics,West,7,4690,319.42
11/12/2024,Keyboard,Accessories,East,4,2424,544.07
11/27/2024,Keyboard,Accessories,North,6,3594,610.77
5/3/2022,Keyboard,Accessories,North,7,3962,491.9
3/14/2024,Camera,Electronics,East,2,944,149.38
12/20/2022,Smartwatch,Electronics,West,6,6792,1787.97
3/6/2023,Tablet,Electronics,North,7,6804,1383.81
9/20/2024,Camera,Electronics,South,6,816,98.75
7/10/2022,Monitor,Accessories,North,6,5916,544.59
6/17/2022,Mouse,Accessories,South,5,5730,310.58
5/13/2024,Headphones,Accessories,East,7,8288,785.54
6/24/2022,Headphones,Accessories,South,2,2046,394.93
6/5/2022,Tablet,Electronics,East,9,5031,1149.48
3/10/2022,Keyboard,Accessories,South,9,1764,417.95
7/23/2022,Laptop,Electronics,South,8,1880,486.88
12/25/2023,Smartwatch,Electronics,West,2,200,10.45
10/6/2022,Mouse,Accessories,East,3,2688,476.77
1/2/2023,Laptop,Electronics,West,4,3216,213.81
12/21/2023,Camera,Electronics,East,8,8440,1504.18
4/26/2024,Tablet,Electronics,East,7,1582,208.42
7/12/2024,Laptop,Electronics,North,1,58,10.79
3/26/2022,Smartwatch,Electronics,West,8,608,163.18
11/19/2024,Smartphone,Electronics,North,3,183,41.82
7/2/2024,Monitor,Accessories,West,5,3105,744.26
4/13/2023,Monitor,Accessories,North,5,2450,485.18
12/5/2022,Laptop,Electronics,North,3,3024,622.29
4/20/2023,Printer,Office,East,4,3856,747.79
3/11/2024,Keyboard,Accessories,West,7,532,121.03
2/19/2023,Smartphone,Electronics,South,4,3152,307.62
12/4/2023,Monitor,Accessories,East,9,8586,1555.82
10/21/2022,Monitor,Accessories,South,2,1046,273.38
2/15/2022,Tablet,Electronics,West,4,3452,560.31
3/12/2022,Monitor,Accessories,West,4,2368,361.02
10/20/2022,Camera,Electronics,South,2,1924,422.25
9/19/2022,Laptop,Electronics,West,5,4580,1148.06
11/2/2024,Headphones,Accessories,East,5,3735,423.94
5/13/2023,Monitor,Accessories,North,4,2476,417.16
7/13/2023,Laptop,Electronics,South,2,162,16.51
7/4/2022,Printer,Office,West,3,258,38.03
3/19/2022,Keyboard,Accessories,East,4,3524,998.29
5/27/2023,Smartwatch,Electronics,South,8,6184,1796.9
3/7/2023,Monitor,Accessories,West,6,3750,645.69
4/15/2022,Mouse,Accessories,South,5,1465,424.64
3/28/2024,Camera,Electronics,North,4,4480,412.05
2/29/2024,Laptop,Electronics,North,8,1544,281.22
1/21/2024,Headphones,Accessories,North,9,7974,1181.04
3/30/2024,Printer,Office,East,5,5920,1679.15
10/2/2024,Smartwatch,Electronics,South,8,8792,2045.54
12/18/2023,Smartwatch,Electronics,East,1,294,52.37
1/23/2022,Camera,Electronics,East,7,1169,264.37
2/14/2024,Camera,Electronics,West,8,9232,880.52
10/9/2023,Headphones,Accessories,South,4,1396,135.48
1/23/2024,Camera,Electronics,North,9,10188,1408.18
9/13/2022,Monitor,Accessories,West,2,222,23.65
4/3/2024,Monitor,Accessories,West,2,1328,358.07
11/6/2024,Printer,Office,East,9,5085,488.63
8/2/2024,Mouse,Accessories,West,3,1245,229.73
8/18/2022,Tablet,Electronics,South,2,960,124.02
3/3/2024,Smartphone,Electronics,West,9,5553,329.79
9/10/2023,Keyboard,Accessories,North,2,1790,236.76
7/11/2024,Keyboard,Accessories,West,8,2712,247.84
5/6/2024,Laptop,Electronics,North,1,632,89.14
1/13/2022,Headphones,Accessories,South,8,4904,520.74
12/5/2022,Keyboard,Accessories,South,1,361,58.8
2/11/2022,Printer,Office,West,9,7290,841.07
3/8/2024,Smartwatch,Electronics,South,4,2052,181.64
5/21/2024,Mouse,Accessories,North,3,1842,112.85
12/6/2023,Mouse,Accessories,North,9,10593,2488.69
8/28/2022,Camera,Electronics,South,6,1218,129.36
11/19/2023,Mouse,Accessories,South,5,4240,426.41
10/29/2024,Keyboard,Accessories,East,2,226,38.52
3/25/2022,Camera,Electronics,East,6,5154,1072.8
7/30/2023,Mouse,Accessories,North,6,1236,304.88
11/14/2022,Tablet,Electronics,South,1,1179,159.42
12/29/2024,Printer,Office,West,5,2275,313.5
5/21/2023,Smartwatch,Electronics,North,7,6188,1231.3
12/16/2023,Headphones,Accessories,West,3,2946,666.99
9/10/2023,Headphones,Accessories,South,5,5085,1172.12
5/2/2022,Keyboard,Accessories,North,2,712,205.53
2/3/2023,Smartwatch,Electronics,East,6,648,62.25
2/2/2023,Mouse,Accessories,North,5,2735,483.2
12/26/2022,Printer,Office,North,6,2910,173.45
5/15/2022,Smartwatch,Electronics,South,1,263,69.39
12/5/2023,Smartphone,Electronics,North,2,876,66.68
11/5/2023,Mouse,Accessories,West,1,913,162.24
10/13/2024,Laptop,Electronics,South,9,594,93.92
2/27/2022,Headphones,Accessories,South,2,956,202.14
6/17/2024,Laptop,Electronics,East,7,7301,2026.43
5/14/2023,Headphones,Accessories,South,6,5754,1628.61
6/21/2022,Headphones,Accessories,East,4,1372,274.47
7/8/2022,Headphones,Accessories,North,8,920,214.27
1/18/2024,Smartphone,Electronics,North,3,885,150.79
12/30/2024,Camera,Electronics,North,1,379,39.41
9/9/2024,Headphones,Accessories,West,8,1024,201.92
5/4/2024,Keyboard,Accessories,West,4,4312,388.48
6/6/2023,Mouse,Accessories,East,5,5030,540.73
1/31/2022,Smartphone,Electronics,West,2,1438,315.83
4/7/2022,Keyboard,Accessories,South,1,419,108.36
2/24/2022,Headphones,Accessories,East,3,3519,935.72
4/3/2022,Tablet,Electronics,East,8,2912,451.97
2/20/2023,Smartphone,Electronics,North,5,4005,226.09
8/22/2023,Smartwatch,Electronics,South,5,2075,271.71
2/23/2023,Laptop,Electronics,South,2,120,7.74
8/12/2024,Camera,Electronics,North,4,564,32.8
10/1/2023,Smartwatch,Electronics,East,2,486,62.58
4/15/2023,Smartwatch,Electronics,East,2,1488,342.87
2/24/2023,Laptop,Electronics,West,6,3096,277.68
11/4/2022,Smartwatch,Electronics,West,8,6488,1845.07
4/11/2024,Smartwatch,Electronics,West,4,4284,848.44
7/5/2022,Smartwatch,Electronics,North,8,1864,110.81
5/8/2024,Camera,Electronics,West,5,4435,954.12
10/3/2024,Camera,Electronics,East,4,3296,460.98
5/5/2023,Mouse,Accessories,East,3,780,217.92
6/2/2022,Smartwatch,Electronics,East,7,4396,962.61
5/2/2023,Keyboard,Accessories,South,6,1362,202.68
1/13/2022,Mouse,Accessories,East,7,3843,378.03
9/9/2022,Printer,Office,East,2,2080,450.24
4/7/2022,Mouse,Accessories,South,5,1210,201.45
11/15/2023,Printer,Office,West,3,2316,356.5
7/18/2023,Monitor,Accessories,West,6,3366,614.22
6/7/2024,Tablet,Electronics,West,9,6507,1075.51
5/14/2024,Mouse,Accessories,South,1,384,35.36
1/5/2022,Laptop,Electronics,South,5,3625,563.95
12/14/2022,Tablet,Electronics,South,1,400,45.16
2/22/2022,Monitor,Accessories,North,5,2880,209.58
3/28/2023,Printer,Office,West,6,1608,302.32
2/8/2023,Headphones,Accessories,South,2,1574,196.84
9/13/2024,Keyboard,Accessories,East,3,2478,584.37
9/20/2024,Headphones,Accessories,East,8,8872,1486.58
3/24/2024,Printer,Office,East,8,2320,668.63
7/29/2023,Headphones,Accessories,West,3,171,9.02
11/20/2024,Keyboard,Accessories,South,8,4536,627.13
6/9/2024,Headphones,Accessories,South,3,1308,73.28
10/27/2022,Laptop,Electronics,North,4,4048,641.23
5/29/2022,Tablet,Electronics,East,9,4041,963.58
5/24/2024,Headphones,Accessories,South,5,5665,332.46
11/29/2023,Mouse,Accessories,South,6,6876,1029.92
3/2/2023,Monitor,Accessories,South,1,617,145.37
9/15/2022,Monitor,Accessories,South,6,1440,130.4
4/17/2024,Smartwatch,Electronics,East,8,472,116.36
6/30/2023,Laptop,Electronics,North,5,5640,1227.77
10/26/2022,Headphones,Accessories,West,6,2640,668.12
7/13/2024,Smartphone,Electronics,South,3,768,72.67
2/22/2024,Keyboard,Accessories,South,1,725,81.96
4/28/2024,Headphones,Accessories,North,8,1080,210.69
10/30/2024,Headphones,Accessories,South,1,393,40.34
6/11/2024,Smartwatch,Electronics,North,4,1264,371.92
9/3/2022,Headphones,Accessories,South,9,4797,1193.95
3/27/2022,Tablet,Electronics,East,8,2080,151.14
2/16/2022,Camera,Electronics,West,4,3812,312.8
2/25/2024,Mouse,Accessories,West,5,3695,463.57
1/31/2022,Mouse,Accessories,South,1,1159,344.22
8/6/2024,Tablet,Electronics,West,9,4149,605.52
12/5/2023,Keyboard,Accessories,East,2,1446,171.73
7/24/2024,Laptop,Electronics,South,1,225,48.82
12/9/2022,Headphones,Accessories,South,1,355,26.8
9/15/2023,Tablet,Electronics,West,7,3164,166.4
10/28/2022,Smartwatch,Electronics,East,1,498,38.67
4/28/2023,Headphones,Accessories,South,5,1315,217.79
9/13/2024,Headphones,Accessories,North,5,2805,438.89
11/1/2022,Monitor,Accessories,East,5,5180,726.62
6/7/2022,Camera,Electronics,North,5,4045,203.35
6/22/2024,Laptop,Electronics,North,9,8793,2262.43
8/8/2024,Headphones,Accessories,South,8,2592,526.38
2/8/2022,Keyboard,Accessories,East,7,7819,1708.84
7/11/2024,Smartwatch,Electronics,North,7,2919,325.35
6/3/2023,Printer,Office,South,3,768,85.37
12/2/2023,Smartphone,Electronics,West,2,1736,388.09
7/18/2023,Smartwatch,Electronics,South,7,6293,389.22
3/21/2024,Headphones,Accessories,South,6,3684,477.02
12/24/2024,Printer,Office,South,9,8370,1064.65
8/24/2023,Keyboard,Accessories,South,4,3788,875.54
8/22/2023,Laptop,Electronics,West,8,8296,1884.18
10/10/2022,Tablet,Electronics,West,5,325,21.01
8/16/2024,Camera,Electronics,North,2,2216,444.36
1/31/2022,Laptop,Electronics,North,8,7064,1873.02
8/8/2024,Mouse,Accessories,East,9,2538,575.41
3/13/2024,Headphones,Accessories,North,1,1151,77.22
1/18/2022,Keyboard,Accessories,East,1,717,137.27
1/12/2022,Smartwatch,Electronics,East,8,3048,444.3
2/19/2024,Keyboard,Accessories,South,3,2070,163.23
8/14/2023,Camera,Electronics,East,5,3630,537.93
4/13/2022,Tablet,Electronics,East,7,896,219.98
2/29/2024,Tablet,Electronics,East,7,1981,311.44
7/16/2023,Headphones,Accessories,West,6,7140,605.22
4/13/2023,Monitor,Accessories,North,5,1015,85.06
8/12/2024,Headphones,Accessories,North,4,524,52.31
7/19/2023,Smartwatch,Electronics,North,2,1678,372.78
5/26/2023,Tablet,Electronics,South,4,3260,969.76
10/18/2024,Headphones,Accessories,South,5,720,214.31
5/4/2024,Printer,Office,West,4,1792,417.99
6/18/2022,Tablet,Electronics,South,9,3096,505.08
9/6/2024,Keyboard,Accessories,South,5,1400,273.39
2/5/2023,Smartwatch,Electronics,North,4,508,37.94
9/16/2022,Tablet,Electronics,East,7,2646,380.83
3/7/2024,Mouse,Accessories,East,1,357,79.86
12/28/2023,Tablet,Electronics,North,1,373,53.15
3/24/2023,Smartphone,Electronics,East,1,266,55.52
10/7/2024,Smartphone,Electronics,North,4,344,25.7
6/17/2024,Smartphone,Electronics,North,7,1806,308.92
3/10/2023,Printer,Office,North,9,7281,396.28
6/28/2024,Smartwatch,Electronics,West,7,3094,463.72
6/2/2024,Keyboard,Accessories,East,2,252,67.37
4/27/2022,Camera,Electronics,East,9,2691,761.16
4/26/2024,Printer,Office,West,6,990,102.83
6/5/2022,Smartwatch,Electronics,South,4,3236,655.18
4/27/2022,Laptop,Electronics,East,4,1076,124.56
8/10/2022,Tablet,Electronics,North,4,1428,160.54
4/22/2022,Keyboard,Accessories,East,5,1000,292.04
6/10/2022,Smartwatch,Electronics,South,9,3429,998.82
10/17/2023,Monitor,Accessories,West,5,4730,1416.1
11/4/2023,Monitor,Accessories,South,6,6630,512.6
10/22/2024,Camera,Electronics,South,7,2296,138.93
1/15/2023,Monitor,Accessories,East,7,7420,1107.31
4/23/2022,Printer,Office,South,7,2338,531.5
6/11/2022,Keyboard,Accessories,South,7,4039,420.29
5/19/2023,Laptop,Electronics,East,2,990,76.87
8/5/2023,Laptop,Electronics,West,1,733,54.11
1/24/2024,Smartphone,Electronics,East,3,2421,334.61
3/14/2024,Keyboard,Accessories,East,8,832,214.81
5/13/2022,Smartwatch,Electronics,East,1,483,98.15
2/27/2023,Keyboard,Accessories,North,6,2508,480.48
10/1/2023,Keyboard,Accessories,North,7,4032,426.13
4/15/2022,Keyboard,Accessories,East,8,3208,840.97
5/10/2024,Smartwatch,Electronics,South,6,3402,857.61
12/6/2024,Headphones,Accessories,North,1,541,52.5
2/8/2022,Smartwatch,Electronics,West,7,1806,129.6
8/3/2024,Headphones,Accessories,South,3,2433,515.28
11/10/2023,Keyboard,Accessories,East,6,5880,454.19
5/24/2023,Mouse,Accessories,West,3,3375,451.5
5/30/2024,Tablet,Electronics,North,8,6960,1913.58
8/6/2024,Keyboard,Accessories,West,4,316,32.79
10/10/2022,Tablet,Electronics,North,9,1404,89.43
3/8/2024,Keyboard,Accessories,North,9,5823,478.22
5/16/2024,Headphones,Accessories,South,6,2790,719.15
5/31/2024,Tablet,Electronics,West,7,1169,69.41
10/26/2023,Printer,Office,East,8,6016,406.13
10/15/2022,Smartwatch,Electronics,North,7,7154,1177.51
1/29/2024,Keyboard,Accessories,West,2,370,102.74
3/16/2024,Monitor,Accessories,West,1,430,113.57
4/28/2022,Smartwatch,Electronics,West,1,946,280.53
5/20/2024,Tablet,Electronics,South,8,984,73.84
11/26/2022,Keyboard,Accessories,East,9,1467,372.17
8/16/2023,Smartphone,Electronics,South,4,2444,155.42
11/2/2023,Mouse,Accessories,North,9,8640,1254.3
7/17/2023,Smartwatch,Electronics,West,9,3861,536.04
7/24/2022,Keyboard,Accessories,North,1,868,60.12
11/3/2024,Laptop,Electronics,South,9,1746,260.5
8/19/2024,Printer,Office,South,1,915,129.08
9/15/2024,Smartwatch,Electronics,East,9,3591,423
1/28/2023,Camera,Electronics,East,6,2562,612.36
11/28/2022,Smartwatch,Electronics,West,9,5382,1037.04
11/18/2024,Smartwatch,Electronics,East,4,2792,170.96
4/23/2022,Headphones,Accessories,East,4,2160,631.9
5/23/2023,Monitor,Accessories,West,7,6377,1332.86
5/17/2024,Smartphone,Electronics,East,8,5264,1051.5
12/18/2023,Laptop,Electronics,North,2,1346,196.5
8/19/2023,Camera,Electronics,South,7,7301,1311.65
4/20/2023,Keyboard,Accessories,South,2,2016,198.26
6/30/2022,Laptop,Electronics,North,6,1266,220.5
4/11/2023,Mouse,Accessories,West,2,140,35.18
7/22/2024,Camera,Electronics,East,8,6520,1073.62
2/19/2022,Keyboard,Accessories,East,1,582,29.91
3/10/2024,Printer,Office,West,1,245,14.5
4/27/2024,Mouse,Accessories,South,1,504,143.12
10/6/2022,Monitor,Accessories,South,6,6834,1211.75
10/1/2022,Headphones,Accessories,West,8,5712,1191.02
5/9/2023,Laptop,Electronics,South,5,4485,347.99
6/2/2024,Headphones,Accessories,West,8,2304,291.46
6/23/2024,Mouse,Accessories,North,6,6576,815.56
11/16/2022,Keyboard,Accessories,South,9,10629,2843.54
3/12/2022,Camera,Electronics,East,1,706,153.59
4/16/2022,Headphones,Accessories,South,1,977,103.82
4/16/2023,Smartwatch,Electronics,South,4,776,73.16
10/12/2022,Tablet,Electronics,West,4,3932,309.43
10/29/2022,Keyboard,Accessories,East,3,1263,368.46
8/1/2022,Keyboard,Accessories,East,8,7064,745.24
4/20/2023,Keyboard,Accessories,West,4,4740,746.77
3/25/2024,Printer,Office,South,7,4522,1137.23
12/28/2023,Tablet,Electronics,South,7,2009,183.19
4/18/2024,Smartphone,Electronics,East,2,2110,548.12
9/26/2024,Mouse,Accessories,West,1,95,6.97
11/19/2023,Smartwatch,Electronics,East,1,384,83.58
4/23/2023,Tablet,Electronics,North,3,3471,200.08
6/20/2023,Tablet,Electronics,West,4,2048,507.01
8/5/2022,Monitor,Accessories,South,8,9296,2581.06
5/28/2022,Laptop,Electronics,West,8,5272,1188.16
1/18/2024,Headphones,Accessories,East,1,619,127.58
4/27/2023,Laptop,Electronics,North,1,448,53.2
6/10/2022,Keyboard,Accessories,North,9,5004,1313.13
12/5/2023,Keyboard,Accessories,North,4,4716,704.99
5/11/2022,Printer,Office,West,9,7506,827.17
1/11/2024,Keyboard,Accessories,North,7,4095,883.56
7/31/2024,Smartwatch,Electronics,North,7,4459,1037.27
10/31/2022,Tablet,Electronics,South,5,620,62.49
8/17/2022,Smartwatch,Electronics,West,2,2362,185.89
3/28/2022,Printer,Office,North,2,606,154.99
7/26/2024,Camera,Electronics,East,4,1084,134.42
2/4/2022,Laptop,Electronics,North,8,2880,315.87
4/20/2023,Laptop,Electronics,West,8,4544,727.05
9/8/2024,Mouse,Accessories,West,4,556,85.63
11/30/2023,Laptop,Electronics,North,5,505,71.97
3/3/2023,Tablet,Electronics,West,5,2595,774.2
1/24/2023,Headphones,Accessories,South,5,2820,737.68
10/29/2023,Keyboard,Accessories,East,2,1018,297.21
3/4/2023,Laptop,Electronics,East,4,944,176.56
8/30/2023,Tablet,Electronics,East,1,610,44.99
5/25/2024,Camera,Electronics,South,4,912,81.65
4/2/2023,Monitor,Accessories,West,9,10413,1738.63
7/27/2023,Printer,Office,West,8,2176,398.29
1/4/2022,Printer,Office,East,6,6108,1488.4
2/14/2024,Mouse,Accessories,West,2,1148,173.89
5/1/2024,Monitor,Accessories,East,8,8824,597.1
6/17/2022,Headphones,Accessories,North,5,2240,159.58
2/17/2022,Camera,Electronics,North,2,1312,386.79
2/2/2023,Laptop,Electronics,South,9,10620,2946.93
9/30/2024,Tablet,Electronics,East,2,2178,574.4
5/12/2024,Monitor,Accessories,East,3,1671,94.52
7/28/2024,Monitor,Accessories,East,3,2025,355.59
11/1/2024,Mouse,Accessories,East,6,2886,355.32
7/27/2024,Printer,Office,East,2,1868,307.32
1/8/2023,Headphones,Accessories,East,4,3280,826.94
5/18/2022,Tablet,Electronics,West,2,1768,375.86
12/19/2022,Camera,Electronics,West,7,6937,1753.02
9/21/2024,Smartwatch,Electronics,North,6,3012,307.47
9/19/2024,Headphones,Accessories,South,3,777,147.93
2/16/2024,Smartphone,Electronics,East,6,4056,452.14
11/29/2024,Printer,Office,South,4,3212,514.92
8/3/2024,Smartwatch,Electronics,West,1,952,179.4
5/29/2022,Smartphone,Electronics,North,3,1674,106.24
2/13/2024,Smartwatch,Electronics,East,5,4315,1019.91
12/15/2023,Mouse,Accessories,North,7,1722,162.39
9/14/2022,Keyboard,Accessories,South,5,2895,334.35
7/28/2023,Tablet,Electronics,North,2,1280,335.22
4/10/2022,Headphones,Accessories,East,5,4295,414.42
8/7/2022,Printer,Office,South,6,4434,306.63
7/9/2022,Keyboard,Accessories,North,6,3816,623.78
4/9/2024,Headphones,Accessories,East,7,6335,1137.08
11/11/2024,Mouse,Accessories,West,3,315,78.41
11/27/2024,Camera,Electronics,East,2,626,168.82
5/23/2024,Smartwatch,Electronics,South,1,1140,85.75
11/16/2022,Smartphone,Electronics,North,5,590,52.55
4/21/2022,Tablet,Electronics,East,1,631,99.31
9/4/2024,Monitor,Accessories,South,8,1944,134.94
3/24/2024,Smartphone,Electronics,North,6,5100,1461.79
9/24/2024,Keyboard,Accessories,South,6,1092,176.52
8/12/2023,Monitor,Accessories,West,7,4662,1007.43
1/18/2023,Headphones,Accessories,West,7,4312,1088.34
10/20/2022,Mouse,Accessories,North,6,4056,815.1
11/23/2023,Headphones,Accessories,North,3,534,120.53
5/31/2023,Printer,Office,South,5,3475,991.47
7/11/2023,Tablet,Electronics,South,5,4880,829.03
10/25/2024,Tablet,Electronics,West,8,8336,782.8
5/8/2023,Mouse,Accessories,North,8,9232,490.66
1/7/2022,Smartphone,Electronics,South,3,2031,466.25
1/10/2022,Smartwatch,Electronics,North,3,2412,640.35
12/3/2023,Smartphone,Electronics,East,1,1039,137.24
1/3/2023,Camera,Electronics,West,6,696,100.78
6/26/2024,Laptop,Electronics,North,8,6160,1617.32
12/15/2022,Camera,Electronics,East,3,447,58.4
4/29/2023,Keyboard,Accessories,West,6,6102,364.82
4/3/2024,Camera,Electronics,South,9,5085,1372.83
8/16/2024,Laptop,Electronics,North,7,3038,158.82
3/11/2024,Headphones,Accessories,West,1,882,215.24
3/15/2023,Monitor,Accessories,West,6,2490,720.06
8/5/2024,Camera,Electronics,North,1,635,101.09
7/5/2024,Laptop,Electronics,East,1,1083,152.5
8/10/2023,Keyboard,Accessories,West,6,720,144.26
9/17/2022,Printer,Office,West,3,3111,382.52
4/9/2022,Smartwatch,Electronics,North,6,1242,87.37
8/2/2023,Smartwatch,Electronics,West,5,5845,978.75
3/29/2023,Smartwatch,Electronics,West,1,835,131.7
5/16/2022,Monitor,Accessories,South,2,2314,305.42
2/4/2023,Smartwatch,Electronics,East,7,6041,776.09
3/23/2022,Mouse,Accessories,North,3,369,19.22
8/12/2022,Tablet,Electronics,West,5,1635,321.84
4/7/2022,Keyboard,Accessories,West,3,2067,465.39
3/4/2022,Smartphone,Electronics,West,6,7128,544.54
4/24/2024,Printer,Office,North,2,944,94.4
6/10/2022,Tablet,Electronics,East,5,5160,698.15
6/18/2022,Smartphone,Electronics,West,8,8032,1987.82
12/16/2024,Camera,Electronics,South,2,376,99.16
6/22/2024,Smartphone,Electronics,South,7,4144,426.39
11/4/2024,Camera,Electronics,South,4,2228,293.25
11/15/2022,Tablet,Electronics,West,1,1178,182.76
4/27/2024,Mouse,Accessories,North,5,2505,303.61
2/28/2024,Smartwatch,Electronics,West,4,1872,418.05
12/29/2023,Printer,Office,West,2,340,59.56
3/8/2023,Laptop,Electronics,West,1,589,158.85
12/12/2023,Laptop,Electronics,West,3,2598,560.82
2/17/2022,Tablet,Electronics,North,1,502,92.31
1/24/2024,Laptop,Electronics,South,3,3576,546.44
2/7/2023,Keyboard,Accessories,East,3,2412,468.27
7/31/2024,Printer,Office,West,5,1145,244.72
2/3/2022,Keyboard,Accessories,West,2,2116,159.3
12/16/2024,Laptop,Electronics,North,1,707,100.16
11/11/2022,Mouse,Accessories,South,9,657,109.39
10/14/2024,Laptop,Electronics,South,5,5345,1060.46
1/27/2024,Tablet,Electronics,South,8,4032,251.05
8/30/2022,Camera,Electronics,South,4,3840,552.57
1/23/2023,Monitor,Accessories,East,5,575,47.35
1/2/2023,Laptop,Electronics,West,9,9315,1808.68
11/25/2024,Mouse,Accessories,East,7,3423,435.06
11/7/2023,Monitor,Accessories,South,6,3942,748.74
7/15/2024,Laptop,Electronics,South,2,574,70.16
6/4/2024,Headphones,Accessories,North,6,3024,336.28
3/2/2022,Headphones,Accessories,North,7,952,215.51
11/25/2023,Smartphone,Electronics,West,9,9090,937.69
5/10/2022,Tablet,Electronics,West,2,1166,170.11
1/9/2024,Keyboard,Accessories,South,3,2925,433.95
12/25/2023,Camera,Electronics,South,5,3455,867.55
12/6/2022,Smartphone,Electronics,North,2,1614,331.3
8/7/2024,Mouse,Accessories,West,7,1771,171.26
1/6/2023,Printer,Office,South,6,5658,1504.97
9/25/2024,Mouse,Accessories,East,9,8460,1515.06
11/26/2023,Printer,Office,West,5,1925,570.93
2/2/2024,Laptop,Electronics,North,6,2196,572.17
7/5/2024,Keyboard,Accessories,East,2,1696,500.56
11/16/2023,Printer,Office,South,9,6813,1966.66
10/19/2024,Keyboard,Accessories,North,5,3670,790.67
10/10/2024,Keyboard,Accessories,South,4,2936,204.55
1/29/2024,Monitor,Accessories,West,5,5165,283.6
9/6/2024,Camera,Electronics,East,5,5940,467.31
6/7/2023,Smartwatch,Electronics,East,6,2664,520.3
4/12/2024,Headphones,Accessories,East,2,1198,134.39
8/22/2024,Headphones,Accessories,North,4,1340,309.8
10/15/2022,Monitor,Accessories,East,9,9657,1233.47
6/28/2022,Camera,Electronics,North,8,2592,191.66
6/10/2023,Camera,Electronics,West,4,1168,135.36
3/23/2023,Headphones,Accessories,South,8,5920,1241.27
2/17/2022,Smartphone,Electronics,West,2,2260,268.47
9/19/2023,Printer,Office,West,8,7016,1490.07
3/29/2024,Headphones,Accessories,North,6,546,79.94
12/2/2024,Laptop,Electronics,East,1,839,228.72
7/24/2024,Tablet,Electronics,South,8,5176,619.45
4/2/2023,Laptop,Electronics,West,4,280,24.9
12/28/2024,Monitor,Accessories,North,9,2097,210.59
5/24/2024,Mouse,Accessories,West,6,4632,799.16
2/9/2023,Keyboard,Accessories,North,4,1088,283.61
9/17/2023,Camera,Electronics,North,2,1314,391.55
5/7/2023,Mouse,Accessories,North,8,7960,804.11
11/22/2023,Printer,Office,North,8,2856,350.32
6/16/2022,Smartwatch,Electronics,West,4,1680,385.92
11/20/2024,Monitor,Accessories,North,4,4464,1069.63
6/8/2023,Smartphone,Electronics,East,6,2940,184.97
6/12/2022,Monitor,Accessories,West,8,1272,344.45
11/21/2024,Printer,Office,East,6,1728,247.86
9/6/2022,Monitor,Accessories,North,3,3153,563.56
3/23/2024,Smartphone,Electronics,West,4,2536,285.72
3/16/2022,Tablet,Electronics,South,3,2508,431.53
10/18/2024,Tablet,Electronics,East,1,123,12.36
7/30/2023,Smartphone,Electronics,South,3,2379,148.68
1/4/2023,Printer,Office,West,6,6924,1693.77
5/31/2023,Smartwatch,Electronics,West,9,9054,644.36
12/8/2023,Camera,Electronics,South,9,9936,2797.45
12/21/2022,Smartphone,Electronics,East,1,393,41.05
8/19/2024,Printer,Office,East,2,308,35.32
10/26/2024,Tablet,Electronics,South,5,4900,347.25
8/24/2024,Laptop,Electronics,South,1,927,103.95
11/23/2023,Keyboard,Accessories,East,1,266,22.42
11/4/2022,Printer,Office,South,5,4750,1179.56
7/20/2024,Smartwatch,Electronics,East,8,3272,460.82
12/10/2022,Mouse,Accessories,East,5,4350,688.77
7/27/2024,Keyboard,Accessories,East,1,706,63.82
5/24/2024,Laptop,Electronics,North,3,213,30.68
10/25/2023,Smartphone,Electronics,East,2,1614,376.31
2/9/2023,Mouse,Accessories,West,8,6232,499.63
2/3/2023,Printer,Office,North,4,3864,717.45
12/8/2024,Headphones,Accessories,South,3,2601,363.64
2/1/2023,Mouse,Accessories,East,6,4944,758.46
11/16/2023,Printer,Office,South,4,4680,301.91
1/29/2022,Mouse,Accessories,South,8,2112,418.58
4/24/2022,Monitor,Accessories,East,6,7140,869.93
10/19/2022,Keyboard,Accessories,East,1,750,37.97
8/12/2022,Mouse,Accessories,East,4,392,39.23
10/2/2024,Laptop,Electronics,South,4,2408,721.8
9/13/2023,Monitor,Accessories,East,2,2016,151.4
7/25/2022,Monitor,Accessories,South,4,464,47.93
12/9/2023,Headphones,Accessories,East,1,832,227.11
3/31/2024,Headphones,Accessories,East,8,1296,374.8
4/23/2022,Smartphone,Electronics,East,1,300,45.81
7/6/2024,Monitor,Accessories,North,6,2856,226.53
12/10/2022,Tablet,Electronics,West,5,3380,287.05
1/27/2022,Tablet,Electronics,North,5,400,86.52
10/14/2022,Camera,Electronics,North,1,722,49.7
11/23/2024,Laptop,Electronics,South,4,4596,947.45
4/8/2023,Keyboard,Accessories,West,8,1176,313.58
7/21/2022,Camera,Electronics,North,2,644,45.72
11/7/2022,Smartphone,Electronics,West,8,544,40.78
5/30/2023,Monitor,Accessories,East,2,586,101.64
4/30/2022,Keyboard,Accessories,North,5,3835,229.11
12/13/2023,Printer,Office,South,5,1415,358.39
5/11/2023,Keyboard,Accessories,South,9,1125,138.49
9/11/2023,Camera,Electronics,South,3,3399,489.36
3/3/2022,Monitor,Accessories,East,6,5370,1501.06
3/30/2024,Keyboard,Accessories,West,3,2331,419.26
6/27/2022,Laptop,Electronics,East,9,10728,1967.84
3/2/2023,Monitor,Accessories,West,8,9056,1860.37
11/4/2024,Monitor,Accessories,West,9,4581,250.06
10/1/2024,Camera,Electronics,North,3,1074,240.44
6/17/2023,Tablet,Electronics,West,4,4572,1199.49
11/20/2023,Laptop,Electronics,South,7,8141,651.16
11/24/2023,Printer,Office,West,4,604,180.93
5/4/2024,Mouse,Accessories,South,2,906,59.06
4/22/2023,Headphones,Accessories,South,7,1582,278.14
1/31/2024,Mouse,Accessories,West,6,3306,216.91
12/24/2023,Headphones,Accessories,West,1,847,237.41
11/9/2022,Printer,Office,East,6,3222,846.27
11/3/2024,Keyboard,Accessories,East,3,189,33.94
8/12/2023,Laptop,Electronics,South,4,1224,348.91
2/8/2023,Camera,Electronics,South,7,5621,1390.73
1/16/2024,Tablet,Electronics,West,6,966,246.21
8/2/2023,Tablet,Electronics,West,9,1728,179.64
1/13/2024,Mouse,Accessories,West,9,6138,1478.57
11/20/2024,Monitor,Accessories,South,4,964,184.03
10/13/2023,Smartphone,Electronics,South,7,4697,976.26
5/9/2022,Smartphone,Electronics,West,2,1232,155.52
12/21/2022,Monitor,Accessories,West,7,6384,734.79
11/22/2024,Mouse,Accessories,West,4,780,162.72
1/27/2023,Printer,Office,West,4,1256,362.22
5/8/2022,Mouse,Accessories,South,1,1162,220.93
2/10/2023,Mouse,Accessories,South,8,7520,995.03
3/26/2024,Headphones,Accessories,South,7,2387,463.92
10/20/2023,Keyboard,Accessories,East,8,2256,316.77
6/6/2024,Monitor,Accessories,North,8,7792,913.12
5/24/2023,Laptop,Electronics,East,8,3944,296.35
12/17/2023,Smartphone,Electronics,South,2,822,183.45
6/20/2024,Headphones,Accessories,North,3,1962,469.94
12/21/2022,Printer,Office,North,4,1016,269.88
6/20/2023,Tablet,Electronics,North,2,1980,125.99
12/8/2024,Headphones,Accessories,West,4,3996,965.26
7/18/2022,Smartwatch,Electronics,North,1,663,183.82
10/5/2023,Laptop,Electronics,South,1,575,104.31
9/4/2023,Tablet,Electronics,South,1,187,33.76
8/1/2023,Tablet,Electronics,East,7,6216,378.24
3/5/2022,Camera,Electronics,South,1,189,19.02
8/13/2022,Tablet,Electronics,South,2,358,41.46
4/17/2022,Keyboard,Accessories,North,6,6192,316.23
5/25/2023,Tablet,Electronics,East,7,4382,592.46
10/20/2024,Keyboard,Accessories,East,2,1122,100.78
6/21/2022,Laptop,Electronics,North,8,8192,2081.72
8/22/2022,Laptop,Electronics,South,6,2658,200.79
3/17/2023,Tablet,Electronics,West,6,606,127.68
11/2/2024,Monitor,Accessories,South,8,448,45.43
1/17/2023,Printer,Office,North,3,1674,435.95
2/13/2022,Tablet,Electronics,South,6,1944,366.18
2/7/2022,Monitor,Accessories,South,6,1716,302.09
5/5/2022,Camera,Electronics,South,6,2982,445.01
8/14/2022,Laptop,Electronics,North,9,7497,2241.59
1/26/2024,Headphones,Accessories,South,3,1026,142.71
12/11/2024,Laptop,Electronics,South,7,7392,2063.23
6/23/2024,Printer,Office,North,4,2604,271.22
11/23/2023,Smartwatch,Electronics,North,6,1746,289.2
2/23/2024,Headphones,Accessories,West,6,5682,1365.87
6/24/2024,Mouse,Accessories,North,8,8664,2131.16
7/8/2023,Tablet,Electronics,West,3,1887,363.42
10/29/2024,Smartphone,Electronics,East,7,6013,1544.51
1/5/2024,Smartwatch,Electronics,North,2,1578,463.58
8/19/2022,Camera,Electronics,South,3,285,38.37
1/27/2023,Laptop,Electronics,West,6,5448,963.82
8/9/2024,Printer,Office,East,2,1710,468.76
11/3/2022,Keyboard,Accessories,West,9,2817,432.67
4/9/2022,Smartphone,Electronics,East,9,9117,1780.52
8/9/2023,Smartwatch,Electronics,South,2,274,42.37
9/25/2023,Keyboard,Accessories,South,6,6408,885.71
5/16/2022,Keyboard,Accessories,West,5,5755,1441.84
12/10/2024,Tablet,Electronics,West,3,2262,245.66
5/30/2024,Headphones,Accessories,East,7,1785,233.77
6/6/2023,Printer,Office,North,8,5128,657.87
1/4/2024,Camera,Electronics,South,8,5176,1400.82
9/16/2023,Keyboard,Accessories,North,5,1510,331.76
3/17/2023,Keyboard,Accessories,North,1,947,77.21
12/31/2023,Smartphone,Electronics,North,9,5427,731.33
4/9/2022,Smartwatch,Electronics,South,4,4560,507.87
5/3/2023,Tablet,Electronics,South,6,2100,268.4
5/10/2024,Laptop,Electronics,North,1,1054,288.15
8/18/2022,Smartwatch,Electronics,West,6,7026,1814.21
7/14/2022,Camera,Electronics,North,9,513,151.87
4/29/2024,Headphones,Accessories,South,2,2244,353.83
2/22/2024,Smartphone,Electronics,North,5,1785,134.95
6/24/2023,Keyboard,Accessories,South,5,725,77.91
11/13/2024,Smartphone,Electronics,North,4,2516,689.29
5/29/2023,Monitor,Accessories,East,8,6256,1152.99
6/11/2023,Camera,Electronics,North,2,452,74.34
3/5/2022,Laptop,Electronics,South,7,5285,1338.58
3/19/2023,Smartphone,Electronics,North,6,4872,786.79
8/22/2023,Keyboard,Accessories,East,5,2495,164.56
2/19/2022,Monitor,Accessories,West,1,442,82.73
9/17/2024,Printer,Office,East,9,8595,1312.19
4/8/2022,Keyboard,Accessories,East,4,3528,411.5
6/10/2024,Laptop,Electronics,North,7,7777,746.84
11/5/2022,Smartwatch,Electronics,South,4,2008,451.68
5/3/2022,Mouse,Accessories,North,2,596,41.37
12/25/2024,Smartwatch,Electronics,East,9,4950,1402.67
6/16/2024,Keyboard,Accessories,South,2,630,86.07
7/5/2024,Camera,Electronics,North,6,6144,754.18
12/3/2023,Monitor,Accessories,North,1,140,24.21
1/30/2024,Headphones,Accessories,East,2,2014,215.06
8/6/2024,Mouse,Accessories,West,2,384,99.02
1/18/2022,Printer,Office,East,7,3780,351.51
2/28/2023,Monitor,Accessories,West,7,5047,915.75
8/27/2022,Headphones,Accessories,South,3,2658,175.89
10/14/2023,Mouse,Accessories,West,8,528,53.91
6/23/2022,Keyboard,Accessories,East,9,6507,1045.14
6/2/2023,Camera,Electronics,South,7,5887,1035.5
8/13/2023,Headphones,Accessories,East,8,8224,1679.16
3/12/2022,Laptop,Electronics,South,3,723,115.25
6/3/2023,Mouse,Accessories,North,2,2272,504.72
7/3/2022,Keyboard,Accessories,East,9,8640,1963.34
9/14/2023,Camera,Electronics,North,8,2984,631.81
4/28/2022,Smartphone,Electronics,East,2,606,150.95
4/8/2022,Monitor,Accessories,West,2,170,48.69
3/21/2022,Headphones,Accessories,East,9,5283,1550.3
2/27/2023,Smartwatch,Electronics,West,6,1350,356.88
11/28/2022,Headphones,Accessories,South,4,2500,467.34
2/11/2022,Camera,Electronics,North,4,4648,689.85
5/21/2023,Printer,Office,North,5,650,93.41
9/14/2022,Monitor,Accessories,North,2,1538,97.15
6/15/2024,Smartwatch,Electronics,East,4,3928,325.32
3/23/2022,Headphones,Accessories,North,2,2258,175.86
6/9/2022,Monitor,Accessories,West,9,2988,447.93
4/7/2023,Headphones,Accessories,South,8,4136,810.82
10/22/2023,Mouse,Accessories,South,7,3605,387.82
8/10/2023,Smartwatch,Electronics,West,3,1656,469.28
12/24/2022,Printer,Office,West,8,7072,2113.06
9/4/2024,Keyboard,Accessories,South,8,5368,542.52
1/22/2024,Laptop,Electronics,East,4,1356,374.79
6/26/2024,Printer,Office,South,6,1326,338.66
10/26/2024,Printer,Office,East,1,730,55.72
5/10/2024,Headphones,Accessories,South,4,4664,294.05
12/4/2023,Laptop,Electronics,North,8,3528,593.11
3/19/2023,Mouse,Accessories,West,3,1497,190.59
4/21/2023,Tablet,Electronics,North,3,2628,781.94
11/12/2022,Laptop,Electronics,West,4,4196,655.29
8/2/2022,Monitor,Accessories,South,7,1204,317.12
8/23/2023,Printer,Office,West,7,7119,1555.05
5/12/2024,Tablet,Electronics,West,8,1848,351.02
5/24/2024,Tablet,Electronics,South,4,2232,531.12
12/19/2024,Mouse,Accessories,West,6,5190,898.86
1/28/2022,Smartphone,Electronics,West,3,1830,403.42
1/29/2022,Mouse,Accessories,West,1,1033,302.68
11/1/2022,Smartwatch,Electronics,South,7,2324,611.7
6/4/2023,Keyboard,Accessories,North,2,1942,235.42
3/27/2022,Printer,Office,South,7,5740,1615.9
10/22/2022,Smartwatch,Electronics,South,9,6435,1096.88
3/29/2022,Mouse,Accessories,North,2,1168,172.18
8/26/2022,Tablet,Electronics,South,9,7362,441.36
10/17/2023,Smartwatch,Electronics,West,2,862,105.97
10/25/2023,Mouse,Accessories,West,1,956,167.16
6/7/2022,Smartphone,Electronics,West,7,4438,770.3
10/10/2023,Keyboard,Accessories,East,9,972,100
9/2/2022,Keyboard,Accessories,West,2,1816,129.24
4/25/2023,Monitor,Accessories,East,4,596,105.89
3/24/2024,Mouse,Accessories,East,9,1233,346.9
1/9/2023,Headphones,Accessories,West,1,1055,88.61
11/13/2022,Tablet,Electronics,East,2,952,112.39
3/4/2023,Mouse,Accessories,West,1,312,40.47
2/12/2022,Tablet,Electronics,South,2,294,35.05
3/28/2022,Smartwatch,Electronics,North,2,474,120.91
6/2/2023,Camera,Electronics,East,2,788,195.15
5/15/2022,Mouse,Accessories,North,8,2760,156.53
10/14/2023,Laptop,Electronics,North,4,908,219.79
10/17/2022,Smartphone,Electronics,East,1,593,133.01
7/16/2023,Headphones,Accessories,South,6,1698,193.42
9/23/2024,Printer,Office,East,1,546,124.1
8/11/2022,Laptop,Electronics,West,5,4380,275.84
6/11/2023,Camera,Electronics,West,4,2472,594.62
4/1/2024,Smartphone,Electronics,East,4,1996,396.63
12/25/2024,Camera,Electronics,West,5,2525,699.74
7/5/2022,Headphones,Accessories,West,9,4041,517.23
7/16/2024,Keyboard,Accessories,South,3,858,246.86
12/14/2022,Keyboard,Accessories,North,9,4221,1238.6
2/16/2023,Tablet,Electronics,East,2,858,73.49
12/5/2024,Keyboard,Accessories,North,1,776,172.19
8/23/2023,Laptop,Electronics,North,7,3654,871.81
2/14/2024,Headphones,Accessories,East,3,384,45.99
9/16/2023,Printer,Office,West,5,535,43.47
11/26/2022,Headphones,Accessories,North,9,7992,1979.53
7/4/2024,Mouse,Accessories,North,7,3892,350.57
2/26/2024,Tablet,Electronics,East,3,2637,468.6
2/12/2024,Mouse,Accessories,South,8,8664,2349.68
10/3/2023,Smartwatch,Electronics,South,6,918,116.87
1/17/2024,Monitor,Accessories,West,5,5625,1006.95
6/2/2023,Tablet,Electronics,West,6,6030,511.7
4/22/2022,Printer,Office,West,8,432,98.44
2/21/2024,Laptop,Electronics,South,6,1884,190.58
2/21/2023,Laptop,Electronics,East,9,9225,2526.27
8/4/2022,Printer,Office,North,2,954,71
2/7/2023,Smartwatch,Electronics,West,8,7072,1983.42
8/7/2024,Smartphone,Electronics,North,3,342,89.67
2/5/2023,Printer,Office,South,4,2440,410.86
1/22/2024,Mouse,Accessories,South,5,510,82.47
10/12/2023,Smartphone,Electronics,South,1,192,16.47
9/26/2023,Mouse,Accessories,East,5,3600,712.3
6/1/2024,Camera,Electronics,West,7,2597,766.32
8/12/2023,Camera,Electronics,East,4,772,215.62
8/6/2023,Mouse,Accessories,West,2,646,180.5
3/29/2024,Smartphone,Electronics,East,7,2947,809.46
2/21/2023,Laptop,Electronics,South,5,880,255.9
2/11/2022,Camera,Electronics,West,3,1038,219.69
8/5/2024,Printer,Office,West,1,714,209.69
8/4/2023,Laptop,Electronics,South,4,1792,506.56
8/21/2022,Headphones,Accessories,East,6,5874,1386.51
8/13/2023,Smartwatch,Electronics,East,6,2496,332.08
12/13/2023,Smartwatch,Electronics,West,3,795,60.34
1/26/2023,Smartphone,Electronics,East,7,7238,1597.03
8/27/2023,Tablet,Electronics,South,1,430,83.33
1/10/2022,Headphones,Accessories,West,4,1728,239.64
4/7/2022,Monitor,Accessories,South,3,1833,314.79
10/23/2023,Monitor,Accessories,North,7,7280,1682.79
3/1/2024,Smartwatch,Electronics,South,1,814,197.91
3/6/2023,Printer,Office,South,8,4696,410.03
7/27/2023,Mouse,Accessories,South,5,1190,235.64
1/16/2024,Printer,Office,East,1,591,39.06
11/29/2023,Mouse,Accessories,North,9,8100,2203.56
4/6/2024,Laptop,Electronics,South,6,1500,183.31
7/26/2024,Smartwatch,Electronics,North,2,300,48.69
5/31/2023,Smartwatch,Electronics,North,9,1098,106.97
5/28/2024,Monitor,Accessories,West,4,2336,509.49
10/5/2022,Camera,Electronics,North,5,410,40.96
10/9/2023,Mouse,Accessories,South,9,594,51.49
9/20/2023,Smartwatch,Electronics,East,2,218,38.93
3/25/2023,Tablet,Electronics,South,2,1298,123.9
3/28/2024,Tablet,Electronics,North,5,895,180.64
7/31/2023,Keyboard,Accessories,West,4,2828,539.43
11/15/2023,Tablet,Electronics,West,3,813,188.94
6/19/2024,Monitor,Accessories,West,4,1800,170.19
7/24/2024,Tablet,Electronics,West,1,99,12.79
9/15/2022,Headphones,Accessories,West,8,7576,1703.42
1/24/2024,Smartwatch,Electronics,East,3,1317,71.02
3/21/2024,Smartwatch,Electronics,West,3,957,120.27
1/17/2022,Mouse,Accessories,South,4,1316,244.13
12/20/2024,Headphones,Accessories,South,6,5346,351.93
3/7/2023,Smartphone,Electronics,East,1,464,66.26
9/28/2022,Keyboard,Accessories,North,7,3752,835.34
7/1/2024,Keyboard,Accessories,West,6,1962,301.57
11/27/2024,Smartphone,Electronics,South,6,2310,202.98
3/1/2023,Tablet,Electronics,East,4,3028,685.23
7/22/2023,Monitor,Accessories,North,3,2994,877.92
6/18/2024,Tablet,Electronics,South,3,3393,313.45
11/8/2024,Camera,Electronics,North,3,1209,320.61
11/18/2022,Keyboard,Accessories,East,8,5784,1276.57
3/10/2022,Laptop,Electronics,West,9,3078,285.05
1/18/2024,Printer,Office,South,4,2464,602.3
12/14/2024,Camera,Electronics,West,5,2445,146.6
2/24/2023,Keyboard,Accessories,North,8,5312,841.13
3/31/2022,Keyboard,Accessories,South,1,657,101.85
5/17/2024,Keyboard,Accessories,South,3,2580,173.89
10/5/2022,Laptop,Electronics,East,8,4624,893.74
11/22/2023,Smartwatch,Electronics,North,2,1258,146.7
7/28/2024,Camera,Electronics,East,7,6468,398.23
5/24/2023,Monitor,Accessories,West,3,1359,152.85
11/28/2024,Laptop,Electronics,North,1,104,18.67
3/1/2023,Headphones,Accessories,South,3,1785,93.17
6/4/2022,Monitor,Accessories,North,8,7728,1748.26
5/27/2023,Smartphone,Electronics,West,6,4188,1231.16
6/25/2022,Smartwatch,Electronics,South,8,3520,359.84
8/12/2023,Camera,Electronics,East,3,2280,365.17
7/9/2024,Printer,Office,North,9,2484,655.54
4/17/2024,Tablet,Electronics,West,3,1248,348.19
12/12/2023,Smartwatch,Electronics,West,2,850,59.92
1/7/2022,Printer,Office,East,4,1412,150.13
5/30/2022,Headphones,Accessories,North,1,465,26.5
5/28/2024,Printer,Office,West,1,293,29.58
1/1/2022,Tablet,Electronics,North,9,9234,2523.67
12/1/2022,Tablet,Electronics,North,2,1298,239.45
8/7/2024,Printer,Office,East,9,9477,2443.62
5/29/2024,Printer,Office,South,7,6713,457.99
4/25/2022,Laptop,Electronics,South,5,5700,999.26
7/29/2024,Camera,Electronics,West,6,4146,700.46
10/11/2023,Tablet,Electronics,North,8,6968,704.55
9/9/2024,Camera,Electronics,East,2,1054,243.5
3/15/2022,Keyboard,Accessories,West,3,1983,453.09
10/26/2023,Keyboard,Accessories,South,5,875,70.72
9/25/2023,Printer,Office,North,2,268,63.01
7/17/2024,Headphones,Accessories,West,6,5370,1045.1
1/10/2024,Monitor,Accessories,West,8,3624,1071.43
9/22/2024,Smartwatch,Electronics,West,4,1932,301.16
9/5/2022,Smartphone,Electronics,North,7,6020,384.74
5/2/2024,Headphones,Accessories,East,5,1775,234.67
3/9/2023,Smartwatch,Electronics,West,3,1488,382.09
9/21/2024,Keyboard,Accessories,East,6,6720,1113.56
4/6/2022,Mouse,Accessories,East,7,5047,1356.23
3/7/2022,Tablet,Electronics,East,5,3735,957.13
2/26/2024,Keyboard,Accessories,East,5,1250,120.74
1/11/2022,Tablet,Electronics,North,7,2751,548.05
7/14/2023,Laptop,Electronics,East,9,468,58.98
7/6/2023,Printer,Office,North,4,632,114.82
9/15/2022,Keyboard,Accessories,South,7,798,219.2
1/28/2022,Smartwatch,Electronics,South,5,1295,104.26
12/10/2024,Camera,Electronics,West,4,3360,540.38
6/11/2023,Camera,Electronics,North,5,995,206.95
12/20/2024,Smartwatch,Electronics,East,5,550,28.72
2/27/2023,Monitor,Accessories,West,8,5384,724.8
11/19/2023,Printer,Office,East,3,3534,489.06
2/20/2024,Smartphone,Electronics,West,9,6813,890.05
11/27/2023,Smartwatch,Electronics,East,6,5508,1632.37
1/27/2022,Headphones,Accessories,East,1,966,202.53
7/4/2024,Mouse,Accessories,South,4,460,92.24
6/26/2023,Smartphone,Electronics,North,6,7026,459.4
5/24/2024,Smartphone,Electronics,South,5,910,116.47
8/22/2022,Monitor,Accessories,West,9,5796,1729.18
9/28/2022,Monitor,Accessories,North,3,1050,292.64
5/28/2024,Mouse,Accessories,West,1,1043,151.13
10/8/2022,Printer,Office,South,3,3330,503.85
1/19/2022,Mouse,Accessories,East,8,1896,448.53
4/29/2023,Camera,Electronics,West,5,5170,1248.66
4/24/2023,Printer,Office,North,2,466,25.04
6/15/2023,Mouse,Accessories,North,8,6032,1636.61
3/22/2023,Camera,Electronics,South,1,1084,103.06
9/20/2023,Keyboard,Accessories,North,2,490,45.34
6/30/2022,Monitor,Accessories,North,6,558,57.01
2/18/2024,Monitor,Accessories,East,4,4024,787.06
2/2/2023,Mouse,Accessories,East,4,1560,461.15
3/8/2024,Laptop,Electronics,North,1,126,26.62
10/8/2023,Mouse,Accessories,South,7,4921,827.87
10/10/2023,Headphones,Accessories,West,5,2665,532.76
4/5/2023,Headphones,Accessories,South,4,200,58.42
8/1/2024,Smartwatch,Electronics,East,2,186,32.48
10/12/2024,Monitor,Accessories,South,8,5456,898.06
7/29/2022,Smartwatch,Electronics,West,9,3321,540.67
2/13/2024,Headphones,Accessories,North,7,3766,914.49
5/7/2022,Keyboard,Accessories,West,6,3150,498.63
5/19/2022,Laptop,Electronics,East,2,646,110.13
8/12/2022,Smartphone,Electronics,South,5,2665,369.73
10/13/2023,Smartwatch,Electronics,North,9,1467,384.22
7/5/2024,Tablet,Electronics,North,7,4620,990.79
3/17/2023,Tablet,Electronics,West,8,1184,148.69
11/1/2023,Camera,Electronics,East,1,113,20.07
10/2/2024,Printer,Office,East,8,3336,492.76
4/9/2023,Smartphone,Electronics,South,4,4224,477.33
7/9/2022,Headphones,Accessories,North,3,1098,144.24
3/10/2024,Camera,Electronics,South,8,4400,351.82
5/8/2022,Printer,Office,North,8,5616,723.42
3/2/2024,Printer,Office,North,7,4676,520.38
7/19/2022,Smartwatch,Electronics,North,2,2370,641.23
1/24/2023,Mouse,Accessories,West,7,4487,688.76
10/1/2024,Camera,Electronics,North,6,6384,1754.15
3/30/2023,Keyboard,Accessories,South,8,2960,878.11
3/24/2022,Smartwatch,Electronics,East,1,897,250.78
3/25/2023,Smartphone,Electronics,East,2,1178,120.51
1/20/2023,Smartwatch,Electronics,East,2,1026,64.51
5/22/2022,Printer,Office,South,1,1148,89.04
2/15/2023,Printer,Office,West,7,3185,765.41
3/3/2022,Smartphone,Electronics,East,7,5180,463.35
11/2/2022,Headphones,Accessories,South,5,2025,295.13
12/24/2024,Tablet,Electronics,North,9,1359,187.72
3/30/2023,Camera,Electronics,South,4,1836,462.52
12/3/2022,Tablet,Electronics,West,2,702,112.04
12/7/2024,Smartphone,Electronics,West,8,6576,1337.38
3/7/2024,Smartwatch,Electronics,West,2,1428,398.24
1/8/2023,Camera,Electronics,North,7,6853,1259.03
5/16/2022,Camera,Electronics,West,2,1492,276.56
4/29/2024,Printer,Office,North,6,1938,146.73
1/8/2023,Camera,Electronics,South,5,905,70.91
2/25/2022,Printer,Office,North,3,2571,510.01
4/8/2024,Tablet,Electronics,West,4,1500,127.81
3/17/2023,Smartwatch,Electronics,South,9,8712,1034.27
7/23/2024,Monitor,Accessories,East,4,1308,368.28
3/6/2024,Smartphone,Electronics,South,4,2648,707.32
3/18/2022,Camera,Electronics,South,9,9810,1666.96
5/3/2024,Headphones,Accessories,North,3,3291,274.1
9/22/2022,Smartwatch,Electronics,North,1,758,96.44
9/29/2022,Keyboard,Accessories,East,7,2436,715.14
6/1/2024,Smartwatch,Electronics,North,7,560,163.16
10/20/2022,Smartphone,Electronics,West,8,4240,519.72
9/5/2024,Monitor,Accessories,East,8,5416,403.52
7/16/2023,Smartphone,Electronics,East,8,1728,477.7
7/15/2023,Keyboard,Accessories,West,9,6309,801.15
8/8/2023,Keyboard,Accessories,North,8,3400,758.57
4/29/2022,Laptop,Electronics,East,1,403,72.45
12/17/2022,Keyboard,Accessories,South,4,2108,375.62
9/30/2022,Headphones,Accessories,West,2,1090,296.12
11/6/2022,Keyboard,Accessories,North,7,1274,317.92
4/11/2024,Mouse,Accessories,South,3,1056,70.54
6/1/2023,Mouse,Accessories,North,9,5247,921.09
11/6/2023,Mouse,Accessories,West,7,6006,1595.22
1/18/2024,Monitor,Accessories,West,5,5415,1261.65
2/24/2022,Smartphone,Electronics,West,1,632,81.54
1/31/2024,Printer,Office,West,8,6160,947.96
5/26/2023,Printer,Office,South,1,857,172.91
1/28/2023,Tablet,Electronics,East,1,169,22.99
10/1/2023,Tablet,Electronics,West,7,1463,175.13
12/18/2022,Camera,Electronics,East,8,7528,1283.07
12/24/2022,Smartwatch,Electronics,West,2,1158,227.61
6/17/2022,Monitor,Accessories,West,4,200,20.25
1/1/2023,Smartphone,Electronics,West,2,1514,180.67
7/7/2024,Smartwatch,Electronics,South,7,2632,738.93
7/31/2022,Keyboard,Accessories,North,1,358,77.84
6/4/2023,Camera,Electronics,East,8,2360,653.3
8/29/2023,Keyboard,Accessories,South,5,5275,594.29
4/6/2023,Monitor,Accessories,East,9,1719,251.85
2/4/2023,Smartphone,Electronics,West,6,1956,434.03
8/27/2022,Keyboard,Accessories,West,3,1875,152.07
6/13/2022,Monitor,Accessories,South,4,984,157.72
8/20/2023,Camera,Electronics,South,4,3616,789.63
10/18/2024,Tablet,Electronics,West,5,4560,1180.8
9/14/2024,Smartphone,Electronics,West,8,7496,2019.32
8/17/2022,Camera,Electronics,North,5,5070,889.97
4/21/2022,Smartwatch,Electronics,North,5,4505,1351.28
1/13/2022,Tablet,Electronics,South,2,1916,503.83
8/28/2024,Camera,Electronics,West,7,8113,1103.57
8/13/2022,Laptop,Electronics,North,9,1809,392.44
9/1/2023,Laptop,Electronics,South,3,1227,229.75
7/20/2023,Laptop,Electronics,South,6,2040,124.65
12/22/2022,Tablet,Electronics,West,6,6324,629.2
3/25/2023,Printer,Office,North,3,2724,521.24
5/14/2023,Laptop,Electronics,South,1,1188,110.32
1/23/2024,Keyboard,Accessories,East,8,8776,1561.07
3/25/2023,Laptop,Electronics,South,9,5553,1432.76
8/27/2022,Smartphone,Electronics,South,2,970,262.19
7/15/2022,Keyboard,Accessories,South,5,940,56.7
7/8/2024,Printer,Office,East,1,1175,171.51
11/7/2022,Laptop,Electronics,East,9,4860,1425.54
10/18/2022,Headphones,Accessories,North,1,987,207.69
5/17/2024,Camera,Electronics,East,7,2968,485.13
3/9/2022,Mouse,Accessories,East,3,2172,364.77
1/1/2022,Headphones,Accessories,South,7,3941,628.96
6/22/2022,Headphones,Accessories,North,7,2261,566.36
7/15/2022,Smartwatch,Electronics,West,9,8802,2519.93
3/15/2023,Printer,Office,South,5,3025,172.43
1/16/2022,Printer,Office,North,4,4428,600.55
10/28/2024,Mouse,Accessories,West,9,7344,1417.84
8/23/2024,Keyboard,Accessories,East,4,2236,167.78
11/24/2024,Smartphone,Electronics,South,8,536,57.08
10/20/2024,Monitor,Accessories,North,5,1980,249.22
1/26/2022,Printer,Office,East,6,2100,202.86
4/16/2023,Smartwatch,Electronics,West,3,1497,122.76
7/18/2024,Laptop,Electronics,North,6,4200,1013.7
11/21/2022,Headphones,Accessories,South,2,1242,191.82
11/29/2022,Smartwatch,Electronics,South,5,1570,312.81
7/1/2023,Monitor,Accessories,East,4,428,86.62
2/2/2023,Printer,Office,South,1,914,270.74
12/13/2024,Tablet,Electronics,North,3,465,98.93
8/27/2022,Smartwatch,Electronics,North,2,1062,83.49
5/26/2022,Camera,Electronics,South,8,8720,1984.11
2/4/2024,Mouse,Accessories,South,6,1308,343.61
12/12/2024,Headphones,Accessories,South,9,8514,1291.97
2/7/2023,Tablet,Electronics,North,2,1212,151.07
4/24/2023,Headphones,Accessories,West,4,2576,503.57
9/26/2023,Keyboard,Accessories,East,8,4800,606.19
10/2/2022,Smartwatch,Electronics,East,5,1440,274.54
9/12/2022,Smartwatch,Electronics,North,9,10251,737.45
1/18/2023,Smartphone,Electronics,North,7,3038,570.98
11/24/2022,Monitor,Accessories,West,9,6993,1945.56
3/7/2024,Monitor,Accessories,East,4,1632,247.88
10/7/2024,Keyboard,Accessories,East,9,5706,1704.8
8/29/2022,Camera,Electronics,North,9,9657,1187.22
1/31/2022,Smartwatch,Electronics,East,5,4405,450.83
12/14/2023,Keyboard,Accessories,East,4,1720,360.78
8/13/2023,Camera,Electronics,South,7,4557,234.62
12/12/2024,Headphones,Accessories,West,7,2380,431.43
2/11/2022,Headphones,Accessories,North,8,456,74.99
11/16/2023,Camera,Electronics,East,6,6534,355.03
3/4/2022,Smartphone,Electronics,North,6,3456,307.46
6/29/2022,Keyboard,Accessories,West,9,8163,2352.46
8/28/2023,Headphones,Accessories,North,6,4656,601.71
9/16/2022,Smartphone,Electronics,West,2,966,241.54
12/2/2022,Mouse,Accessories,East,4,2580,669.67
10/2/2022,Camera,Electronics,South,9,8127,1906.5
5/19/2022,Smartwatch,Electronics,South,4,2128,614.05
6/5/2022,Smartphone,Electronics,South,9,6417,1100.52
6/11/2022,Keyboard,Accessories,East,7,3997,494.78
3/14/2023,Laptop,Electronics,West,1,879,149.52
11/17/2023,Laptop,Electronics,North,3,2415,538.39
9/27/2024,Camera,Electronics,West,4,1064,314.84
2/17/2022,Mouse,Accessories,South,4,1156,326.92
5/12/2022,Smartphone,Electronics,North,1,1184,218.27
2/5/2022,Keyboard,Accessories,South,3,1950,211.16
8/29/2022,Laptop,Electronics,South,4,1088,295.09
12/4/2023,Printer,Office,South,6,4380,522.3
4/20/2024,Camera,Electronics,South,1,998,196.17
5/25/2024,Smartphone,Electronics,East,6,5766,675.17
10/9/2024,Tablet,Electronics,West,6,3120,274.65
3/7/2022,Printer,Office,East,7,637,68.11
10/26/2023,Laptop,Electronics,West,6,3306,697.74
5/31/2022,Monitor,Accessories,South,6,7020,726.72
9/16/2022,Camera,Electronics,South,7,5971,502.14
11/22/2023,Laptop,Electronics,North,2,750,77.68
4/26/2024,Tablet,Electronics,North,3,2379,523
8/21/2022,Camera,Electronics,North,1,699,108.94
1/16/2023,Camera,Electronics,West,9,6876,1895.24
2/2/2022,Monitor,Accessories,North,8,1800,494.02
7/11/2024,Tablet,Electronics,South,5,1255,236.25
6/4/2022,Smartwatch,Electronics,East,9,1998,343.58
11/26/2022,Headphones,Accessories,East,1,307,80.19
6/25/2024,Printer,Office,West,1,235,54.87
11/1/2023,Monitor,Accessories,South,6,1506,407.73
10/26/2024,Tablet,Electronics,North,8,2464,216.51
5/12/2023,Smartwatch,Electronics,South,2,322,42.03
3/4/2023,Printer,Office,West,4,1100,100.02
3/8/2022,Keyboard,Accessories,South,4,2188,265.54
12/22/2023,Printer,Office,West,9,2934,473.34
11/4/2022,Headphones,Accessories,South,8,9224,514.06
12/15/2022,Monitor,Accessories,East,4,2436,142.81
9/23/2022,Smartwatch,Electronics,West,4,972,97.55
10/3/2024,Laptop,Electronics,South,6,5484,540.4
10/17/2024,Camera,Electronics,West,8,3152,337.36
3/22/2024,Keyboard,Accessories,East,8,6032,870.17
4/10/2023,Camera,Electronics,West,7,6384,1324.49
7/10/2023,Printer,Office,East,5,3705,707.08
11/4/2022,Smartwatch,Electronics,South,6,5580,394.03
4/16/2022,Camera,Electronics,East,2,1236,120.74
4/2/2023,Camera,Electronics,North,8,7040,1969.93
6/11/2024,Camera,Electronics,East,9,909,138.04
12/26/2024,Mouse,Accessories,South,1,106,7.24
11/12/2024,Smartwatch,Electronics,South,1,281,67.85
9/25/2022,Camera,Electronics,East,6,6768,1851.01
3/7/2023,Laptop,Electronics,West,6,4302,276.35
11/19/2022,Smartphone,Electronics,North,9,7146,2125.44
2/16/2023,Smartphone,Electronics,South,3,582,48.08
8/1/2024,Headphones,Accessories,North,6,576,162.75
9/24/2023,Keyboard,Accessories,South,5,4265,796.12
6/24/2023,Smartwatch,Electronics,East,8,5368,333.53
12/4/2023,Headphones,Accessories,South,1,314,66.23
12/24/2024,Tablet,Electronics,West,6,2676,646.7
2/13/2022,Laptop,Electronics,North,4,3384,947.52
7/20/2023,Mouse,Accessories,West,6,3186,794.94
12/20/2024,Smartwatch,Electronics,South,4,1832,528.69
11/2/2024,Printer,Office,South,8,4784,769.91
2/16/2024,Tablet,Electronics,West,1,381,63.18
11/29/2022,Smartphone,Electronics,South,9,4527,677.34
5/25/2022,Printer,Office,South,4,1612,240.42
10/4/2023,Printer,Office,East,2,1918,435.56
1/4/2024,Camera,Electronics,East,1,179,42.37
5/31/2024,Smartwatch,Electronics,West,3,3153,224.29
4/18/2023,Tablet,Electronics,East,8,3864,855.75
5/13/2023,Printer,Office,South,5,2440,570.78
3/31/2023,Camera,Electronics,South,6,3660,675.38
8/3/2024,Smartwatch,Electronics,East,3,318,49.93
12/16/2023,Mouse,Accessories,South,3,483,63.27
8/21/2024,Headphones,Accessories,North,6,6774,960.41
1/2/2024,Monitor,Accessories,West,5,5310,806.12
3/6/2024,Keyboard,Accessories,West,6,5154,779.43
9/19/2023,Keyboard,Accessories,East,9,6741,823.17
5/13/2022,Camera,Electronics,North,2,520,61.33
6/19/2024,Tablet,Electronics,East,7,1120,111.79
7/12/2022,Keyboard,Accessories,East,1,911,155.3
3/21/2022,Monitor,Accessories,South,8,1064,190.73
4/28/2024,Laptop,Electronics,North,7,1981,404.3
4/20/2022,Camera,Electronics,South,5,4280,540.47
6/25/2024,Smartwatch,Electronics,South,5,5125,268.39
12/26/2024,Monitor,Accessories,West,7,1575,313.96
4/28/2024,Tablet,Electronics,East,9,9972,1868.64
10/1/2022,Smartphone,Electronics,East,8,4576,900.04
6/1/2024,Monitor,Accessories,South,7,6559,1141.32
7/20/2023,Tablet,Electronics,South,1,619,35.36
6/9/2024,Headphones,Accessories,West,8,2488,151.95
10/29/2022,Mouse,Accessories,West,4,2536,148.85
2/3/2022,Tablet,Electronics,West,8,5416,297.5
2/13/2023,Smartwatch,Electronics,East,2,2334,158.07
7/28/2022,Camera,Electronics,East,9,1080,183.42
5/8/2024,Tablet,Electronics,South,4,1324,127.07
7/16/2023,Camera,Electronics,West,2,2304,444.08
2/21/2024,Smartphone,Electronics,East,4,4736,1026.24
8/14/2023,Mouse,Accessories,West,9,2925,457.49
1/27/2023,Laptop,Electronics,East,9,6345,1627.26
6/13/2022,Headphones,Accessories,East,9,4221,912.84
12/6/2022,Headphones,Accessories,South,7,462,56.89
5/13/2022,Monitor,Accessories,North,7,7588,1625.55
12/12/2022,Keyboard,Accessories,North,6,5232,1270.64
8/1/2024,Camera,Electronics,East,8,1440,402.06
3/31/2023,Monitor,Accessories,North,2,1026,226.4
9/21/2024,Camera,Electronics,North,7,7455,1008.42
11/29/2023,Printer,Office,East,8,2456,404.35
11/1/2022,Camera,Electronics,North,3,2859,404.56
1/8/2024,Keyboard,Accessories,East,1,311,50.66
10/28/2022,Printer,Office,East,9,1260,246.6
1/18/2022,Keyboard,Accessories,South,1,466,102.48
2/22/2023,Laptop,Electronics,West,3,867,58.2
2/24/2023,Monitor,Accessories,South,6,3888,275.72
4/12/2024,Tablet,Electronics,North,4,3032,347.2
12/22/2023,Tablet,Electronics,North,7,4704,978.81
10/27/2022,Printer,Office,West,3,3186,527.75
8/18/2024,Printer,Office,North,9,6183,359.54
10/14/2022,Smartwatch,Electronics,West,1,243,21.75
6/20/2023,Smartphone,Electronics,North,3,897,235.67
12/19/2023,Headphones,Accessories,West,9,4563,675.62
9/18/2022,Laptop,Electronics,South,4,628,156.98
12/21/2024,Monitor,Accessories,East,6,1050,172.83
5/16/2022,Monitor,Accessories,North,8,3032,278.85
9/27/2023,Keyboard,Accessories,West,1,920,118.24
3/2/2024,Laptop,Electronics,South,2,668,90.67
5/31/2024,Mouse,Accessories,East,5,5990,1403.53
3/4/2024,Tablet,Electronics,South,9,9324,1223.9
4/11/2023,Keyboard,Accessories,East,8,5768,368.49
5/1/2024,Laptop,Electronics,North,1,1123,318.09
12/20/2024,Keyboard,Accessories,West,4,2336,453.04
11/22/2023,Laptop,Electronics,West,6,438,26.03
12/23/2022,Tablet,Electronics,North,6,5940,318.72
6/22/2022,Camera,Electronics,West,3,1848,549.34
3/17/2023,Keyboard,Accessories,North,3,2118,321.05
1/16/2022,Smartphone,Electronics,North,3,231,36.73
1/12/2024,Headphones,Accessories,South,6,978,182.46
5/22/2023,Monitor,Accessories,North,5,4960,420.98
3/9/2022,Camera,Electronics,South,3,1377,330.44
2/9/2023,Camera,Electronics,West,2,1958,227.77
6/12/2023,Mouse,Accessories,West,7,5607,1288.04
11/24/2022,Smartwatch,Electronics,South,6,3504,980.7
11/21/2024,Mouse,Accessories,North,4,796,75.15
8/14/2024,Monitor,Accessories,North,1,342,37.64
8/14/2024,Monitor,Accessories,South,7,6769,1549.67
8/29/2023,Headphones,Accessories,South,9,10080,1794.73
1/11/2024,Smartwatch,Electronics,East,7,3948,758.36
6/27/2023,Headphones,Accessories,South,4,1488,74.52
1/17/2024,Mouse,Accessories,South,5,1200,201.8
1/10/2023,Smartwatch,Electronics,North,4,4476,977.6
8/1/2023,Monitor,Accessories,West,1,1178,292.15
12/26/2024,Smartwatch,Electronics,South,8,2888,149.92
12/13/2024,Smartphone,Electronics,South,6,1704,193.18
10/17/2022,Printer,Office,West,8,4200,1017.94
3/12/2024,Keyboard,Accessories,East,7,4417,562.79
5/20/2024,Camera,Electronics,West,4,764,178.83
6/28/2024,Headphones,Accessories,South,4,4000,964.43
10/21/2024,Monitor,Accessories,East,9,2331,558
1/31/2023,Mouse,Accessories,West,9,8172,1296.29
12/20/2024,Laptop,Electronics,North,1,761,61.15
11/25/2023,Camera,Electronics,East,2,494,56.41
9/5/2023,Headphones,Accessories,East,2,194,52.16
3/20/2024,Tablet,Electronics,West,6,5820,1423.67
4/11/2022,Camera,Electronics,North,5,410,121.77
12/6/2024,Smartphone,Electronics,East,6,1254,360.87
6/4/2022,Tablet,Electronics,East,6,3432,452.4
3/22/2024,Camera,Electronics,North,4,3792,997.99
11/19/2024,Tablet,Electronics,West,7,546,117.9
2/24/2022,Smartwatch,Electronics,East,3,1452,217.06
11/14/2022,Keyboard,Accessories,West,8,9296,1556.05
12/1/2023,Mouse,Accessories,North,1,1160,149.81
1/14/2024,Laptop,Electronics,West,6,4728,682.01
2/12/2023,Camera,Electronics,North,6,1836,508.81
9/13/2023,Smartwatch,Electronics,South,7,6237,1784.89
9/1/2024,Laptop,Electronics,West,5,5845,941.79
12/27/2023,Monitor,Accessories,South,9,6138,851.14
3/23/2022,Camera,Electronics,West,2,1416,136.75
12/27/2024,Keyboard,Accessories,West,3,1851,348.9
11/10/2022,Printer,Office,South,9,7452,1259.82
11/29/2023,Tablet,Electronics,North,5,1630,190.38
8/16/2022,Camera,Electronics,West,6,4800,930.44
11/23/2023,Smartwatch,Electronics,South,1,61,16.11
9/21/2023,Monitor,Accessories,East,6,942,80.27
7/30/2023,Smartphone,Electronics,South,8,7640,1663.63
5/12/2022,Camera,Electronics,South,5,4540,939.71
11/27/2022,Headphones,Accessories,North,1,1030,190.47
9/20/2023,Printer,Office,North,2,384,30.84
11/24/2024,Smartwatch,Electronics,West,8,8560,991.94
8/23/2022,Camera,Electronics,West,9,1557,117.36
5/4/2023,Tablet,Electronics,East,7,707,124.59
8/5/2022,Mouse,Accessories,West,5,3405,476.39
11/15/2024,Tablet,Electronics,West,6,4722,522.16
1/4/2022,Headphones,Accessories,North,2,2150,625.93
11/4/2022,Monitor,Accessories,West,7,3619,827.39
8/9/2023,Smartwatch,Electronics,South,4,3892,909.22
8/2/2022,Camera,Electronics,South,1,54,13.29
12/4/2023,Keyboard,Accessories,South,1,612,136.25
9/3/2022,Monitor,Accessories,East,5,3850,419.55
4/20/2024,Camera,Electronics,East,5,3005,389.93
7/15/2024,Headphones,Accessories,North,9,5256,1296.65
3/13/2023,Printer,Office,East,6,3576,1033.3
11/8/2022,Tablet,Electronics,West,5,3415,496.48
1/13/2023,Camera,Electronics,West,3,1722,203.04
4/14/2022,Mouse,Accessories,East,8,4088,853.36
2/9/2024,Headphones,Accessories,West,5,5320,882.84
11/27/2022,Mouse,Accessories,West,6,3660,1079
5/13/2024,Camera,Electronics,West,6,5250,1228.49
4/17/2022,Laptop,Electronics,North,4,328,90.89
9/29/2023,Smartphone,Electronics,West,7,1596,359.71
2/11/2023,Printer,Office,South,7,2443,661.21
7/23/2023,Smartwatch,Electronics,East,7,5432,870.08
4/4/2022,Printer,Office,North,3,1254,221.19
2/19/2022,Tablet,Electronics,East,5,5495,1276.27
12/7/2023,Headphones,Accessories,North,4,596,72.65
10/18/2024,Printer,Office,South,6,3696,597.66
4/18/2022,Mouse,Accessories,North,6,4488,939.05
10/18/2023,Camera,Electronics,West,6,6846,932.21
12/29/2023,Mouse,Accessories,West,8,2960,607.64
7/31/2023,Smartphone,Electronics,South,1,419,99.5
9/3/2024,Laptop,Electronics,West,6,6246,327.14
9/12/2022,Tablet,Electronics,South,4,1900,372.18
6/8/2023,Monitor,Accessories,North,7,3451,397.29
11/24/2024,Smartphone,Electronics,West,2,1612,344.37
8/13/2022,Laptop,Electronics,South,5,4445,642.83
8/6/2024,Smartwatch,Electronics,North,5,720,63.84
4/16/2024,Mouse,Accessories,East,2,1428,234.49
12/27/2024,Tablet,Electronics,East,4,3532,665.2
9/8/2024,Camera,Electronics,North,6,6528,549.62
9/4/2023,Monitor,Accessories,East,1,743,216.5
10/13/2023,Smartwatch,Electronics,East,6,1758,287.36
11/29/2023,Headphones,Accessories,South,8,1008,100.61
10/21/2024,Smartphone,Electronics,East,1,995,149.86
10/5/2024,Keyboard,Accessories,West,9,4032,876.91
10/29/2022,Smartphone,Electronics,East,6,480,131.08
10/25/2024,Laptop,Electronics,East,1,989,149.99
1/24/2022,Smartphone,Electronics,North,9,6606,759.55
2/6/2024,Smartwatch,Electronics,East,6,912,256.58
7/21/2022,Mouse,Accessories,South,4,2912,331.11
2/3/2023,Camera,Electronics,West,5,845,69.35
8/10/2023,Monitor,Accessories,South,4,2804,382.82
12/28/2024,Laptop,Electronics,East,2,208,11.53
11/19/2022,Smartwatch,Electronics,East,1,379,42.24
5/18/2024,Mouse,Accessories,West,3,1227,113.38
8/3/2023,Headphones,Accessories,East,7,5551,392.37
8/6/2022,Headphones,Accessories,West,1,423,115.44
1/26/2022,Headphones,Accessories,West,6,5982,944.81
12/7/2022,Smartphone,Electronics,West,4,3732,468.6
3/2/2023,Printer,Office,North,9,5904,1152.23
2/1/2024,Headphones,Accessories,East,5,1810,171.47
1/30/2023,Smartphone,Electronics,South,6,5604,615.07
4/28/2022,Laptop,Electronics,West,2,432,81.31
11/27/2024,Keyboard,Accessories,East,2,416,68.58
9/7/2022,Monitor,Accessories,North,8,1224,281.43
3/12/2022,Printer,Office,West,8,5168,672.6
11/10/2022,Monitor,Accessories,East,6,6522,502.98
9/3/2022,Keyboard,Accessories,South,5,1090,140.7
9/30/2024,Laptop,Electronics,South,3,1737,353.17
3/8/2024,Printer,Office,West,9,7281,1358.17
3/19/2024,Smartwatch,Electronics,South,9,5832,1007.54
7/21/2024,Printer,Office,East,9,7020,623.97
6/7/2023,Mouse,Accessories,South,3,2001,420.08
8/13/2024,Monitor,Accessories,West,2,1832,489.21
5/5/2024,Smartwatch,Electronics,East,6,3372,934.42
12/20/2024,Tablet,Electronics,West,6,3384,503.86
11/30/2024,Monitor,Accessories,East,1,351,31.95
12/16/2024,Camera,Electronics,South,2,2092,549.42
3/19/2023,Monitor,Accessories,South,7,1309,138.46
4/28/2024,Keyboard,Accessories,North,9,6696,407.36
9/29/2022,Keyboard,Accessories,East,5,1020,162.36
5/30/2022,Keyboard,Accessories,East,8,8240,2006.72
10/7/2022,Headphones,Accessories,South,9,9810,1008.6
1/13/2023,Tablet,Electronics,West,1,853,97.5
1/6/2023,Camera,Electronics,East,4,4416,1081.53
1/11/2023,Headphones,Accessories,North,8,3832,741.44
12/16/2024,Monitor,Accessories,South,4,1876,221.18
3/14/2024,Laptop,Electronics,South,3,2634,392.21
8/26/2023,Laptop,Electronics,North,1,1027,259.92
7/10/2023,Printer,Office,West,5,3100,911.86
3/18/2022,Mouse,Accessories,West,1,104,29.67
6/18/2024,Mouse,Accessories,East,2,1590,147.2
8/20/2024,Camera,Electronics,South,4,1104,63.57
9/18/2024,Smartphone,Electronics,South,3,1851,198.71
11/6/2024,Smartphone,Electronics,South,2,1408,193.09
5/24/2022,Laptop,Electronics,South,7,4641,1341.98
10/1/2022,Tablet,Electronics,West,7,2611,539.37
12/5/2023,Laptop,Electronics,North,4,3824,711.92
3/8/2023,Smartphone,Electronics,East,2,2042,501.34
7/30/2023,Tablet,Electronics,North,6,6378,1408.28
3/14/2023,Camera,Electronics,East,4,4692,409.07
6/30/2024,Laptop,Electronics,West,6,6234,1829.07
9/25/2024,Smartphone,Electronics,West,4,1852,535.07
2/5/2022,Monitor,Accessories,South,3,3075,804.06
10/24/2023,Printer,Office,North,5,370,92.45
12/11/2024,Keyboard,Accessories,North,6,624,66.99
7/13/2023,Smartwatch,Electronics,South,2,1734,310.76
5/5/2023,Printer,Office,West,9,2268,361.62
8/31/2022,Camera,Electronics,East,5,3670,924.95
8/16/2024,Smartwatch,Electronics,North,7,4634,1358.44
1/20/2024,Headphones,Accessories,North,9,1440,94.41
4/11/2023,Laptop,Electronics,West,6,5136,1225.4
9/20/2024,Smartphone,Electronics,East,1,166,31.72
2/3/2022,Keyboard,Accessories,East,3,1422,328.98
9/11/2023,Headphones,Accessories,East,8,1832,532.97
10/29/2022,Printer,Office,South,1,668,94.08
12/22/2024,Camera,Electronics,West,6,1272,336.3
6/26/2023,Keyboard,Accessories,North,8,984,72.54
7/25/2024,Printer,Office,South,7,7896,484.76
11/12/2022,Smartphone,Electronics,North,1,636,42.4
8/5/2023,Laptop,Electronics,North,3,2031,450.23
2/23/2022,Mouse,Accessories,West,9,3186,483.22
5/6/2022,Headphones,Accessories,South,1,134,33.12
4/27/2024,Tablet,Electronics,South,5,1765,347.42
7/28/2023,Keyboard,Accessories,East,4,3628,717.81
12/6/2024,Monitor,Accessories,West,4,1000,198.92
3/8/2023,Camera,Electronics,North,2,2134,119.89
5/25/2023,Smartwatch,Electronics,North,7,6706,1687.22
11/3/2024,Laptop,Electronics,East,3,321,72.13
2/19/2023,Camera,Electronics,South,3,3126,710.14
11/5/2023,Monitor,Accessories,South,7,5446,697.21
5/2/2023,Tablet,Electronics,East,1,1131,140.55
7/24/2023,Printer,Office,East,2,1946,141.75
9/16/2023,Laptop,Electronics,North,7,6818,1348.26
3/29/2023,Smartphone,Electronics,East,7,2317,677.61
1/27/2023,Smartwatch,Electronics,East,6,396,89.51
11/16/2023,Smartphone,Electronics,South,1,558,49.81
3/21/2023,Smartphone,Electronics,East,9,2034,593.13
6/1/2022,Mouse,Accessories,West,8,6080,1171.93
2/4/2023,Smartwatch,Electronics,East,2,1378,183.1
3/4/2024,Monitor,Accessories,East,3,483,120.11
10/19/2022,Keyboard,Accessories,South,8,7864,1615.58
1/27/2022,Printer,Office,North,2,1268,141.76
10/6/2022,Printer,Office,West,6,3774,606.94
9/16/2023,Smartwatch,Electronics,East,9,9090,727.64
1/10/2024,Camera,Electronics,North,5,3720,1077.21
7/2/2022,Smartphone,Electronics,East,8,8896,1825.26
10/1/2024,Mouse,Accessories,South,4,3264,639.8
3/4/2023,Printer,Office,West,2,146,15.48
5/26/2024,Headphones,Accessories,East,3,1683,129.64
1/10/2022,Camera,Electronics,West,7,6076,788.14
7/19/2023,Smartwatch,Electronics,West,2,2388,492.54
7/11/2023,Smartphone,Electronics,East,6,882,180.63
6/5/2022,Laptop,Electronics,West,3,3561,206.87
10/20/2024,Tablet,Electronics,East,7,3395,350.26
1/31/2022,Smartphone,Electronics,South,6,3366,460.75
11/30/2022,Mouse,Accessories,East,2,630,144.14
7/14/2023,Camera,Electronics,South,1,440,34.74
9/22/2024,Smartwatch,Electronics,East,6,6462,1466.15
12/29/2024,Monitor,Accessories,South,6,5004,1197.36
2/16/2022,Laptop,Electronics,South,8,1840,461.21
11/6/2022,Tablet,Electronics,South,7,4466,763.14
12/27/2022,Tablet,Electronics,South,6,3048,823.36
6/3/2024,Mouse,Accessories,South,7,4977,516.7
7/1/2022,Keyboard,Accessories,South,3,2010,387.31
1/30/2022,Camera,Electronics,South,8,5352,1133.57
1/7/2024,Camera,Electronics,North,4,4136,294.21
4/30/2022,Camera,Electronics,West,8,6336,439.42
11/28/2023,Laptop,Electronics,East,9,5481,1540.75
10/15/2024,Camera,Electronics,West,6,6366,318.97
9/20/2023,Printer,Office,West,1,623,81.24
12/20/2024,Mouse,Accessories,South,3,237,49.94
3/18/2022,Keyboard,Accessories,North,9,8370,1525.8
4/11/2023,Headphones,Accessories,South,5,4965,774.74
8/4/2024,Camera,Electronics,South,7,7791,1844.69
9/29/2024,Smartphone,Electronics,West,1,158,32.89
3/11/2023,Keyboard,Accessories,West,7,4347,712.79
9/13/2022,Smartphone,Electronics,East,4,3364,527.28
7/29/2023,Camera,Electronics,South,3,1098,77.81
5/14/2022,Headphones,Accessories,West,3,1083,257.44
9/9/2022,Laptop,Electronics,East,4,1628,314.96
11/19/2024,Keyboard,Accessories,South,4,1472,387.27
9/19/2024,Printer,Office,West,9,3753,1114.87
7/3/2023,Monitor,Accessories,South,6,6402,1602.79
4/17/2024,Monitor,Accessories,West,3,2565,510.73
10/18/2024,Mouse,Accessories,South,3,2214,127.34
6/16/2024,Monitor,Accessories,West,3,975,291.81
10/14/2023,Printer,Office,East,8,3312,854.12
10/12/2023,Printer,Office,East,1,267,41.85
4/11/2022,Smartphone,Electronics,East,9,8145,2384.42
1/6/2022,Printer,Office,North,1,232,34.26
10/6/2024,Smartphone,Electronics,North,3,300,38.44
2/27/2024,Monitor,Accessories,East,2,2248,473.21
10/10/2023,Monitor,Accessories,North,6,1614,166.62
5/3/2022,Monitor,Accessories,West,2,1476,195.74
11/5/2024,Printer,Office,South,5,4375,347.43
9/3/2024,Smartwatch,Electronics,North,4,1064,263.48
10/4/2022,Headphones,Accessories,North,6,1068,190.77
12/17/2023,Keyboard,Accessories,East,1,190,27.43
6/27/2022,Printer,Office,South,7,7868,862.38
12/3/2024,Keyboard,Accessories,North,3,1239,143.35
9/10/2023,Monitor,Accessories,East,2,1394,408.32
2/7/2024,Smartphone,Electronics,North,5,2060,403.19
6/9/2023,Laptop,Electronics,East,1,1060,57.26
12/16/2022,Monitor,Accessories,North,7,7812,1478.43
6/17/2024,Camera,Electronics,North,7,7077,804.15
6/10/2023,Smartphone,Electronics,West,7,5712,929.42
1/22/2023,Printer,Office,North,6,4146,966.79
6/18/2024,Tablet,Electronics,West,2,992,238.18
4/13/2022,Smartwatch,Electronics,North,2,1756,165.6
4/9/2023,Monitor,Accessories,West,4,3632,566.81
3/17/2024,Headphones,Accessories,East,4,3912,550.09
5/19/2023,Printer,Office,North,9,3123,741.23
9/20/2022,Printer,Office,West,4,700,120.19
11/2/2022,Tablet,Electronics,South,8,408,83.16
12/18/2022,Smartphone,Electronics,South,4,4056,768.81
5/7/2024,Laptop,Electronics,West,1,770,121.75
2/7/2022,Smartwatch,Electronics,North,3,531,73.35
6/3/2023,Monitor,Accessories,South,5,280,79.77
4/1/2024,Laptop,Electronics,East,7,4550,892.73
4/7/2023,Smartwatch,Electronics,West,5,2480,601.66
5/18/2022,Printer,Office,West,6,2604,305.73
2/25/2022,Keyboard,Accessories,West,7,1351,310.03
9/3/2023,Monitor,Accessories,South,5,4615,251
3/22/2024,Mouse,Accessories,West,1,829,165.05
3/15/2024,Camera,Electronics,West,3,177,43.41
12/23/2022,Headphones,Accessories,West,1,1086,161.05
4/26/2023,Laptop,Electronics,South,5,275,64.9
12/15/2022,Mouse,Accessories,North,1,564,164.5
8/13/2024,Keyboard,Accessories,South,2,684,71.39
10/20/2023,Laptop,Electronics,South,4,2656,687.63
7/12/2024,Laptop,Electronics,West,5,1190,346.79
12/1/2024,Printer,Office,South,6,4854,510.88
2/14/2024,Printer,Office,West,5,1060,217.96
8/31/2024,Laptop,Electronics,South,3,1527,364.05
10/19/2023,Mouse,Accessories,East,4,1168,177.54
4/16/2023,Tablet,Electronics,South,8,6328,1257.81
6/17/2024,Smartphone,Electronics,North,3,2193,477.95
4/28/2023,Smartwatch,Electronics,East,8,7600,1099.88
3/15/2023,Printer,Office,West,9,1764,322.11
5/20/2022,Keyboard,Accessories,East,2,1270,84.29
1/21/2023,Tablet,Electronics,North,1,607,33.77
3/23/2023,Mouse,Accessories,South,2,1672,469.64
6/28/2023,Keyboard,Accessories,South,6,5718,1358.26
4/30/2022,Headphones,Accessories,South,8,584,107.27
3/24/2023,Camera,Electronics,West,7,7455,966.64
3/25/2022,Keyboard,Accessories,North,7,7679,2270.08
6/2/2022,Tablet,Electronics,West,7,847,154.05
7/31/2022,Mouse,Accessories,West,3,1278,178.78
1/21/2024,Keyboard,Accessories,East,8,6592,1024.82
9/13/2023,Monitor,Accessories,East,8,3544,454.14
12/19/2023,Camera,Electronics,West,3,1959,274.27
8/2/2022,Mouse,Accessories,South,6,3384,924.03
11/25/2023,Smartphone,Electronics,North,1,307,50.2
7/29/2022,Camera,Electronics,West,9,10017,1468.72
11/4/2024,Tablet,Electronics,South,7,7931,504.39
10/20/2024,Laptop,Electronics,North,2,1168,198.4
3/19/2024,Smartphone,Electronics,South,9,9765,909.99
9/21/2023,Tablet,Electronics,South,8,1456,271.26
12/11/2022,Smartphone,Electronics,South,5,950,61.9
6/24/2022,Smartwatch,Electronics,West,2,2314,600.76
10/6/2023,Smartwatch,Electronics,North,1,915,264.3
12/6/2022,Laptop,Electronics,North,1,290,61.14
1/15/2022,Tablet,Electronics,North,7,3584,940.88
3/4/2024,Mouse,Accessories,West,6,1254,205.57
1/24/2023,Laptop,Electronics,North,5,2410,636.83
10/1/2023,Printer,Office,North,2,800,118.68
6/28/2022,Smartwatch,Electronics,West,5,990,87.61
5/14/2023,Laptop,Electronics,West,9,9702,2771.49
9/4/2023,Keyboard,Accessories,East,8,5888,354.27
9/20/2023,Tablet,Electronics,East,4,1768,345.33
6/1/2022,Headphones,Accessories,North,2,1022,76.04
12/3/2023,Tablet,Electronics,North,3,2883,671.91
2/15/2023,Monitor,Accessories,North,4,4064,771.16
9/18/2022,Monitor,Accessories,East,1,1117,119.89
4/12/2022,Laptop,Electronics,South,4,260,66.02
1/18/2022,Printer,Office,South,3,222,50.28
11/1/2024,Smartwatch,Electronics,East,9,10530,1777.32
